@STRING{AA = "Astron.\ Astrophys."}
@STRING{AJ = "Astron.\ J."}
@STRING{ApJ = "Astrophys.\ J."}
@STRING{ApJS = "Astrophys.\ J.\ Suppl."}
@STRING{AstL = "Astron.\ Lett."}
@STRING{AN = "Astron.\ Nachr."}
@STRING{AnMS = "Ann.\ Math.\ Statist."}
@STRING{AnnPh = "Ann. Phys."}
@STRING{AZh = "Astron.\ Zh."}
@STRING{ARAA = "Ann.\ Rev.\ Astron.\ Astrophys."}
@STRING{ARFM = "Annu.\ Rev.\ Fluid\ Mech."}
@STRING{AJP = "Am. J. of Phys."}
@STRING{CSF = "Chaos Solitons Fractals"}
@STRING{CPAM = "Comm. Pure Appl. Maths"}
@STRING{CPC = "Comp.\ Phys.\ Comm."}
@STRING{CPDE = "Commun.\ Part.\ Diff.\ Eq."}
@STRING{CRP = "Comptes Rendus Physique"}
@STRING{DAN = "Dokl.\ Acad.\ Nauk SSSR"}
@STRING{EPL = "Europhys.\ Lett."}
@STRING{FDRes = "Fluid Dyn.\ Res."}
@STRING{FusEng = "Fusion\ Enginneering\ and\ Design"}
@STRING{FT = "Fusion Technol."}
@STRING{FST = "Fusion Science and Technology"}
@STRING{TFST = "Transactions of Fusion Science and Technology"}
@STRING{GJI = "Geophys.\ J.\ Int."}
@STRING{JAS = "J.\ Atmos.\ Sci."}
@STRING{JFM = "J.\ Fluid Mech."}
@STRING{JGResA = "J.\ Geophys.\ Res.\ A"}
@STRING{JCP = "J.\ Comp.\ Phys."}
@STRING{JCompAppMath = "Journal of Computational and Applied Mathematics"}
@STRING{JMP = "J.\ Math.\ Phys."}
@STRING{JPP = "J.\ Plasma Phys."}
@STRING{JPA = "J.~Phys.~A."}
@STRING{JPConfSer = "J.~Phys.: Conf.~Ser."}
@STRING{JSP = "J.\ Stat.\ Phys."}
@STRING{MHD = "Magnetohydrodynamics"} 
@STRING{MNRAS = "Mon.\ Not.\ R.\ Astron.\ Soc."}
@STRING{Nature = "Nature (London)"}
@STRING{NJP = "New\ J.\ Phys."}
@STRING{NF = "Nucl. Fusion"}
@STRING{NM = "Nucl. Mat."}
@STRING{NumM = "Numerische Mathematik"}
@STRING{Nl = "Nonlinearity"}
@STRING{PoF = "Phys.\ Fluids"}
@STRING{PFL = "Phys.\ Fluids"}
@STRING{PFA = "Phys.\ Fluids A"}
@STRING{PFB = "Phys.\ Fluids B"}
@STRING{PLA = "Phys.\ Lett.\ A"}
@STRING{PRep = "Phys.\ Rep."}
@STRING{PoP = "Phys.\ Plasmas"}
@STRING{PRev = "Phys.\ Rev."}
@STRING{PRA = "Phys.\ Rev.\ A"}
@STRING{PRD = "Phys.\ Rev.\ D"}
@STRING{PRE = "Phys.\ Rev.\ E"}
@STRING{PRL = "Phys.\ Rev.\ Lett."}
@STRING{PFR = "Plasma and Fusion Research"}
@STRING{PP = "Plasma\ Phys."}
@STRING{PPRep = "Plasma\ Physics\ Reports"}
@STRING{PScr = "Phys. Scr."}
@STRING{PPCF = "Plasma\ Phys.\ Control.\ Fusion"}
@STRING{PRS = "Proc.\ R.\ Soc.\ London, Ser.\ A"}
@STRING{PTRS = "Philos.\ Trans.\ R.\ Soc.\ London, Ser.\ A"}
@STRING{RMP = "Rev.\ Mod.\ Phys."}
@STRING{RevPP = "Rev.\ Plasma Phys."}
@STRING{RoPP = "Rep. Prog. Phys"}
@STRING{RSI = "Rev.\ Sci.\ Instrum."}
@STRING{Sci = "Science"}
@STRING{SovAst = "Sov.\ Astron."}
@STRING{SovDokl = "Soviet\ Phys.\ -- Doklady"}
@STRING{SovJETP = "Sov.\ Phys.\ JETP"}
@STRING{SovUsp = "Sov.\ Phys.\ Uspekhi"}
@STRING{UFN = "Usp.\ Fiz.\ Nauk"}
@STRING{ZhETF = "Zh.\ Eksp.\ Teor.\ Fiz."}
@STRING{PZS = "Phys. Z. Sowjet."}
@STRING{FizPl = "Fizika Plasmy"}
@STRING{JFusEng = "J. Fusion Energ."}

@book{klimonreferences,
  title={{The Statistical Theory of Non-equilibrium Processes in a Plasma}},
  author={Klimontovich, Y. L.},
  year={1967},
  publisher={Pergamon Press}
}

@book{helander2002ctm,
  title={Collisional Transport in Magnetized Plasmas},
  author={P. Helander and D. J. Sigmar},
  year={2002},
  publisher={Cambridge University Press}
}

@book{white2006ttc,
  title={{The Theory of Toroidally Confined Plasmas}},
  author={White, R. B.},
  year={2006},
  publisher={Imperial College Press}
}

@book{dendy1995ppi,
  title={{Plasma Physics: Introductory Course}},
  author={Dendy, R.},
  year={1995},
  publisher={Cambridge University Press}
}

@article{akhiezer1975pev,
  title={{Plasma electrodynamics-Vol. 1: Linear theory; Vol. 2: Non-linear theory and fluctuations}},
  author={Akhiezer, A. I. and Akhiezer, I. A. and Polovin, R. V. and Sitenko, A. G. and Stepanov, K. N.},
  journal={International Series of Monographs in Natural Philosophy, Oxford: Pergamon Press, 1975},
  year={1975}
}

@article{howes2006agb,
  title={{Astrophysical gyrokinetics: basic equations and linear theory}},
  author={Howes, G. G. and Cowley, S. C. and Dorland, W. and Hammett, G. W. and Quataert, E. and Schekochihin, A. A.},
  journal=ApJ,
  volume={651},
  pages={590},
  year={2006}
}

@article{antonsenjr2006kel,
  title={{Kinetic equations for low frequency instabilities in inhomogeneous plasmas}},
  author={Antonsen Jr, T. M. and Lane, B.},
  journal=PoF,
  volume={23},
  pages={1205},
  year={1980},
}

@article{catto1977col,
  title={{Linearized gyro-kinetic equation with collisions}},
  author={Catto, P. J. and Tsang, K. T.},
  journal=PoF,
  volume={20},
  pages={396},
  year={1977},
}

@article{boozer2005pmc,
  title={{Physics of magnetically confined plasmas}},
  author={Boozer, A. H.},
  journal=RMP,
  volume={76},
  pages={1071},
  year={2005},
}

@article{landau1965pzs,
  title={The Kinetic Equation for {Coulomb} Interactions},
  author={Landau, L. D.},
  journal={Collected Papers of LD Landau, ed. ter Haar (Pergamon Press, Oxford 1965)},
  note={(original article Phys Z. Sowjet 10:154 (1936))},
  pages={147}
}

@book{landau,
	title={{Collected Works of L.D. Landau}},
	author={Landau, L. D.},
	year={1965},
	publisher={Gordon and Breach, New York}
}

@article{landau1936kgf-dontuse,
  title={{Die kinetische Gleichung f{\"u}r den Fall Coulombscher Wechselwirkung}},
  author={Landau, L. D.},
  journal=PZS,
  volume={10},
  pages={154},
  year={1936}
}

@article{catto1978lgk,
  title={{Linearized gyro-kinetics}},
  author={Catto, P. J.},
  journal=PP,
  volume={20},
  pages={719},
  year={1978}
}

@article{rutherford1968dig,
  title={Drift Instabilities in General Magnetic Field Configurations},
  author={Rutherford, P. H. and Frieman, E. A.},
  journal=PoF,
  volume={11},
  pages={569},
  year={1968},
}

@article{hirshman1976afp,
  title={{Approximate Fokker--Planck collision operator for transport theory applications}},
  author={Hirshman, S. P. and Sigmar, D. J.},
  journal=PoF,
  volume={19},
  pages={1532},
  year={1976},
}

@article{neves2006arb,
  title={{Analytical results for a Bessel function times Legendre polynomials class integrals}},
  author={Neves, A. A. R. and Padilha, L. A. and Fontes, A. and Rodriguez, E. and Cruz, C. H. B. and Barbosa, L. C. and Cesar, C. L.},
  journal=JPA,
  volume={39},
  year={2006},
}


@article{frieman1982nge,
	title={{Nonlinear gyrokinetic equations for low-frequency electromagnetic waves in general plasma equilibria}},
	author={Frieman, E. A. and Chen, L.},
	journal=PoF,
	volume={25},
	pages={502},
	year={1982},
}

@article{dubin1983nge,
	title={{Nonlinear gyrokinetic equations}},
	author={Dubin, D. H. E. and Krommes, J. A. and Oberman, C. and Lee, W. W.},
	journal=PoF,
	volume={26},
	pages={3524},
	year={1983}
}

@book{swanson,
	title={{Plasma Waves}},
	author={Swanson, D. G.},
	year={2003},
	publisher={Institute Of Physics Publishing}
}

@article{braginskii1965tpp,
	title={{Transport processes in a plasma}},
	author={Braginskii, S. I.},
	journal=RevPP,
	volume={1},
	pages={205},
	year={1965}
}

@book{lifshitz,
	title={{Physical Kinetics}},
	author={Lifshitz, E. M. and Pitaevskii, L. P.},
	year={1981},
	publisher={Butterworth-Heinemann, Oxford}
}

@book{gradshteuin1994tis,
	title={{Table of Integrals, Series, and Products}},
	author={Gradshte{\u\i}n, I. S. and Ryzhik, I. M. and Jeffrey, A. and Technica, S.},
	year={1994},
	publisher={Academic Press}
}
 
@book{watson1966ttb,
	title={{A Treatise on the Theory of Bessel Functions}},
	author={Watson, G. N.},
	publisher={Cambridge University Press},
	year={1966}
}
 
@book{fried1961pdf,
	title={{The plasma dispersion function: the Hilbert transform of the Gaussian}},
	author={Fried, B. D. and Conte, S. D.},
	year={1961},
	publisher={Academic Press}
}
@book{abramowitz1965hmf,
	title={{Handbook of Mathematical Functions}},
	author={Abramowitz, M. and Stegun, I. A.},
	year={1965}
}
@book{arnold1989mmc,
	title={{Mathematical Methods of Classical Mechanics}},
	author={Arnol'd, V. I.},
	year={1989},
	publisher={Springer}
}



@INPROCEEDINGS{kruskal,
	author = {{Kruskal}, M.},
	title = {{Elementary orbit and drift theory}},
	booktitle = {Lectures presented at the Trieste Seminar on Plasma Physics},
	year = 1965,
	pages = {67},
}

@article{hastings1982hbetau,
	title={{The high-$\beta$ universal drift mode}},
	author={Hastings, D. E. and McCune, J. E.},
	journal=PoF,
	volume={25},
	pages={509},
	year={1982}
}

@article{idomura1999gts,
	title={{Gyrokinetic theory of slab ion temperature gradient mode in negative shear tokamaks}},
	author={Idomura, Y. and Tokuda, S. and Wakatani, M.},
	journal=PoP,
	volume={6},
	pages={4658},
	year={1999}
}
@article{bgkOperator,
	title = {A Model for Collision Processes in Gases. I. Small Amplitude Processes in Charged and Neutral One-Component Systems},
	author = {Bhatnagar, P. L. and Gross, E. P. and Krook, M. },
	journal=PRev,
	volume = {94},
	pages = {511},
	year = {1954},
}

@article{littlejohn1981hfg,
	title={{Hamiltonian formulation of guiding center motion}},
	author={Littlejohn, R. G.},
	journal=PoF,
	volume={24},
	pages={1730},
	year={1981}
}

@book{jackson,
	title={{Classical Electrodynamics, 3rd Edition}},
	author={Jackson, J. D.},
	publisher={Wiley},
	year={1998}
}

@article{alfven,
	title={{On the motion of a charged particle in a magnetic field}},
	author={{H. Alfv\'en}},
	journal={{Arkiv f\"or matematik, astronomi och fysik}},
	volume={27 A},
	pages={1},
	year={1940}
}
	
@article{hu1997str,
	title={{Statistical theory of resistive drift-wave turbulence and transport}},
	author={Hu, G. and Krommes, J. A. and Bowman, J. C.},
	journal=PoP,
	volume={4},
	pages={2116},
	year={1997}
}

@article{krall1963lfs,
	title={{Low-Frequency Stability of Nonuniform Plasmas}},
	author={Krall, N. A. and Rosenbluth, M. N.},
	journal=PoF,
	volume={6},
	pages={254},
	year={1963},
}

@article{gary1979etg,
	title={{Electrostatic temperature gradient drift instabilities}},
	author={Gary, S. P. and Sanderson, J. J.},
	journal=PoF,
	volume={22},
	pages={1500},
	year={1979},
}

@article{pu1985fbs,
	title={{Finite beta stabilization of the kinetic ion mixing mode}},
	author={Pu, Y. K. and Migliuolo, S.},
	journal=PoF,
	volume={28},
	pages={1722},
	year={1985},
}

@article{Tome,
	title={{Astrophysical gyrokinetics: kinetic and fluid turbulent cascades in weakly collisional astrophysical plasmas}},
	author={Schekochihin, A. A. and Cowley, S. C. and Dorland, W. and Hammett, G. W. and Howes, G. G. and Quataert, E. and Tatsuno,T.},
	journal=ApJS,
	year={2009},
   volume=182,
	pages={310}
}

@article{schecko2007,
	title={{Kinetic and Fluid Turbulent Cascades in Weakly Collisional Astrophysical Plasmas}},
	author={Schekochihin, A. A. and Cowley, S. C. and Dorland, W. and Hammett, G. W. and Howes, G. G. and Quataert, E. and Tatsuno,T.},
	journal=ApJS,
	year={2007},
	note={submitted (e-print arXiv:0704.0044)}
}

@article{rutherford1970ele,
	title={{Effect of Longitudinal Electric Field on Toroidal Diffusion}},
	author={Rutherford, P. H. and Kovrizhnykh, L. M. and Rosenbluth, M. N. and Hinton, F. L.},
	journal=PRL,
	volume={25},
	pages={1090},
	year={1970},
}

@article{rosenbluth1972plasma,
	title={{Plasma Transport in Toroidal Confinement Systems}},
	author={Rosenbluth, M. N. and Hazeltine, R. D. and Hinton, F. L.},
	journal=PoF,
	volume={15},
	pages={116},
	year={1972},
}
@article{rosenbluth2003ptt,
	title={{Plasma Transport in Toroidal Confinement Systems}},
	author={Rosenbluth, M. N. and Hazeltine, R. D. and Hinton, F. L.},
	journal=PoF,
	volume={15},
	pages={116},
	year={1972},
}

@article{sherman1950aim,
	title={{Adjustment of an Inverse Matrix Corresponding to a Change in One Element of a Given Matrix}},
	author={Sherman, J. and Morrison, W. J.},
	journal=AnMS,
	volume={21},
	pages={124},
	year={1950},
}

@article{pareschi2000fsm,
	title={{Fast spectral methods for the Fokker-Planck-Landau collision operator}},
	author={Pareschi, L. and Russo, G. and Toscani, G.},
	journal=JCP,
	volume={165},
	pages={216},
	year={2000}
}

@article{degond1994esf,
	title={{An entropy scheme for the Fokker-Planck collision operator of plasma kinetic theory}},
	author={Degond, P. and Lucquin-Desreux, B.},
	journal=NumM,
	volume={68},
	pages={239},
	year={1994},
}

@article{Krommes1,
	title={{Thermostatted $\delta$f}},
	author={Krommes, J. A.},
	journal=PoP,
	volume={6},
	pages={1477},
	year={1999}
}

@article{Krommes2,
	title={{The role of dissipation in the theory and simulations of homogeneous plasma turbulence, and resolution of the entropy paradox}},
	author={Krommes, J. A. and Hu, G.},
	journal=PoP,
	volume={1},
	pages={3211},
	year={1994},
}

@article{CandyWaltz,
	title={{Velocity-space resolution, entropy production, and upwind dissipation in Eulerian gyrokinetic simulations}},
	author={Candy, J. and Waltz, R. E.},
	journal=PoP,
	volume={13},
	pages={032310},
	year={2006},
}

@article{numerics,
	title={Linearized Model {Fokker-Planck} Collision Operators for Gyrokinetic Simulations, {II.} Numerical implementation and tests},
	author={Barnes, M. and Abel, I. G. and Tatsuno, T. and Schekochihin, A. A. and Cowley, S. C. and Dorland, W.},
	journal=PoP,
	volume={16},
	pages={072107},
	year={2008},
}

@article{watanabe2004kinetic,
	author = {T. H. Watanabe and H. Sugama},
	title = {Kinetic simulation of steady states of ion temperature gradient driven turbulence with weak collisionality},
	year = {2004},
	journal = PoP,
	volume = {11},
	pages = {1476},
}

@article{watanabe2002kinetic,
	author = {T. H. Watanabe and H. Sugama},
	title = {Kinetic simulation of a quasisteady state in collisionless ion temperature gradient driven turbulence},
	year = {2002},
	journal = PoP,
	volume = {9},
	pages = {3659},
}

@article{sugama1996tpa,
	title={{Transport processes and entropy production in toroidal plasmas with gyrokinetic electromagnetic turbulence}},
	author={Sugama, H. and Okamoto, M. and Horton, W. and Wakatani, M.},
	journal=PoP,
	volume={3},
	pages={2379},
	year={1996},
}

@article{rosenbluth1957fpe,
	title={{Fokker-Planck Equation for an Inverse-Square Force}},
	author={Rosenbluth, M. N. and MacDonald, W. M. and Judd, D. L.},
	journal=PRev,
	volume={107},
	pages={1},
	year={1957},
}

@article{dimits1994cop,
	title={{Collision operators for partially linearized particle simulation codes}},
	author={Dimits, A. M. and Cohen, B. I.},
	journal=PRE,
	volume={49},
	pages={709},
	year={1994},
}

@article{idomura2006kst,
	title={{Kinetic simulations of turbulent fusion plasmas}},
	author={Idomura, Y. and Watanabe, T. H. and Sugama, H.},
	journal=CRP,
	volume={7},
	pages={650},
	year={2006},
}

@article{xu1991nsi,
	title={{Numerical simulation of ion-temperature-gradient-driven modes}},
	author={Xu, X. Q. and Rosenbluth, M. N.},
	journal=PFB,
	volume=3,
	pages=627,
	year=1991,
}

@article{candy2003egm,
	title={{An Eulerian gyrokinetic-Maxwell solver}},
	author={Candy, J. and Waltz, R. E.},
	journal=JCP,
	volume={186},
	pages={545},
	year={2003},
}

@article{dorland1993gyrofluid,
	author = {W. Dorland and G. W. Hammett},
	title = {Gyrofluid turbulence models with kinetic effects},
	year = {1993},
	journal = PFB,
	volume = {5},
	pages = {812},
}

@article{schekcrete,
	title = { Gyrokinetic Turbulence: a nonlinear route to dissipation through phase space },
	author={Schekochihin, A. A. and Cowley, S. C. and Dorland, W. and Hammett, G. W. and Howes, G. G. and Plunk, G. G.  and Quataert, E. and Tatsuno, T.},
	journal=PPCF,
	volume={50},
	pages={124024},
	year={2008}
}

@article{bolton1983itc,
	title={{Ion thermal conductivity for a pure tokamak plasma}},
	author={Bolton, C. and Ware, A. A.},
	journal=PoF,
	volume={26},
	pages={459},
	year={1983},
}

@article{theory,
	title={Linearized Model {Fokker-Planck} Collision Operators for Gyrokinetic Simulations, {I. Theory}}},
	author={Abel, I. G. and Barnes, M. and Schekochihin, A. A. and Cowley, S. C. and Dorland, W.},
	journal=PoP,
	volume=15,
	pages=122509,
	year=2008
}

@article{abelcollisions,
	title={Linearized Model {Fokker-Planck} Collision Operators for Gyrokinetic Simulations, {I. Theory}},
	author={Abel, I. G. and Barnes, M. and Schekochihin, A. A. and Cowley, S. C. and Dorland, W.},
	journal=PoP,
	volume=15,
	pages=122509,
	year=2008
}

@article{berk2001tia,
	title={{Theoretical Interpretation of Alfv{\'e}n Cascades in Tokamaks with Nonmonotonic q Profiles}},
	author = {Berk, H. L. and Borba, D. N. and Breizman, B. N. and Pinches, S. D. and Sharapov, S. E.},
	journal=PRL,
	volume={87},
	pages={185002},
	year={2001}
}

@article{breizman2003tae,
	title={{Theory of Alfv{\'e}n eigenmodes in shear reversed plasmas}},
	author = {B. N. Breizman and H. L. Berk and M. S. Pekker and S. D. Pinches and S. E. Sharapov},
	journal=PoP,
	volume={10},
	pages={3649},
	year={2003}
}

@article{sharapov2002awc,
	title={{Alfv{\'e}n wave cascades in a tokamak}},
	author = {S. E. Sharapov and B. Alper and H. L. Berk and D. N. Borba and B. N. Breizman and C. D. Challis and A. Fasoli and N. C. Hawkes and T. C. Hender and J. Mailloux and S. D. Pinches and D. Testa and {EFDA--JET work programme}},
	journal=PoP,
	volume={9},
	pages={2027},
	year={2002},
}

@article{breizman2005ppe,
	title={{Plasma pressure effect on Alfv{\'e}n cascade eigenmodes}},
	author = {B. N. Breizman and M. S. Pekker and S. E. Sharapov and {JET EFDA contributors}},
	journal=PoP,
	volume={12},
	pages={112506},
	year={2005}
}

@article{berk1992cdl,
	title={{Continuum damping of low-n toroidicity-induced shear Alfv{\'e}n eigenmodes}},
	author={Berk, H. L. and Van Dam, J. W. and Guo, Z. and Lindberg, D. M.},
	journal=PFB,
	volume={4},
	pages={1806},
	year={1992},
}

@article{brizard2007,
	author={Brizard, A. and Hahm, T. S.},
	title={Foundations of Nonlinear Gyrokinetic Theory},
	journal=RMP,
	volume={79},
	pages={421},
	year={2007},
}
% TODO : TITLES && READ

@article{beer1995field,
	author={Beer, M. A. and Cowley, S. C. and Hammett, G. W.},
	title={Field-aligned coordinates for nonlinear simulations of tokamak turbulence},
	journal=PoP,
	volume={2},
	pages={2687},
	year={1995},
}

@article{tatsuno,
	author={Tatsuno, T. and Dorland, W. and Schekochihin, A. A. and Cowley, S. C. and Barnes, M. and Plunk, G. G. and Howes, G. G.},
	journal=PRL,
	year={2008},
	note={submitted},
}

@article{howesdpp,
	author = {G. G. Howes},
	title = {Inertial range turbulence in kinetic plasmas},
	year = {2008},
	journal = PoP,
	volume = {15},
	pages = {055904},
}

@article{hallatschek,
	author={Hallatschek, K.},
	title={Thermodynamic Potential in Local Turbulence Simulations},
	journal=PRL,
	volume={93},
	pages={125001},
	year={2004},
}

@article{boltzmann,
	author={Boltzmann, L.},
	title={{Weitere Studien {\"u}ber das W{\"a}rmegleichgewicht unter Gasmolek{\"u}len}},
	journal={Sitzungsber.\ Akad.\ Wiss.\ Wien},
	volume={66},
	pages={275},
	year={1872},
}

@article{scott,
	author={Scott, B.},
	title={Derivation via free energy conservation constraints of gyrofluid equations with finite-gyroradius electromagnetic nonlinearities},
	year={2007},
	note={e-print arXiv:0710.4899}
}

@article{hammett:2052,
	author = {G. W. Hammett and W. Dorland and F. W. Perkins},
	year = {1991},
	journal = PFB,
	volume = {4},
	pages = {2052},
}

@article{jenko2000electron,
	author = {F. Jenko and W. Dorland and M. Kotschenreuther and B. N. Rogers},
	title = {Electron temperature gradient driven turbulence},
	year = {2000},
	journal = PoP,
	volume = {7},
	pages = {1904},
	doi = {10.1063/1.874014}
}

@article{alfvennature,
	author = {H. Alfv\'en},
	year = {1942},
	journal = Nature,
	volume = 150,
	pages = 405
}

@article{rosenbluthrutherford,
	author = { M. N. Rosenbluth and P. H. Rutherford},
	year = 1975,
	volume = 34,
	journal = PRL,
	pages = 1428
}

@article{sedlacek,
	author = {Z. Sedl\'a{\v{c}}ek},
	journal = JPP,
	year = 1971,
	volume =5,
	pages = 239
}

@article{elsasser,
	author = {W. M. Elsasser},
	journal = PRev,
	year = 1950,
	volume = 79,
	pages = 183
}

@article{chenalfven,
	author = {L. Chen},
	journal = PPCF,
	year = 2008,
	volume = 50,
	pages = 124001
}

@article{vladreview,
	author = {G. Vlad and F. Zonca and S. Briguglio},
	journal = {La Rivista del Nuovo Cimento},
	year = 1999,
	volume = 22,
	pages = {1},
	url = {http://www.afs.enea.it/vlad/Papers/review_RNC_2.pdf}
}
	
@article{chenhasegawaheating,
	author = {L. Chen and A. Hasegawa},
	year = 1974,
	journal = PFL,
	volume = 17,
	pages = 1399
}

@article{timofeev,
	author = {A. V. Timofeev},
	journal = RevPP,
	year = 1975,
	volume = {9},
	pages = {265}
}
@article{sherman,
	title={{Adjustment of an inverse matrix corresponding to changes in a given column or a given row of the original matrix}},
	author={Sherman, J. and Morrison, W. J.},
	journal=AnMS,
	volume={21},
	pages={124},
	year={1949}
}

@article{godunov,
	author={Godunov, S. K.},
	journal={Mat.\ Sbornik},
	volume={47},
	year={1959},
	pages={271},
}

@article{ricci2006sst,
	title={{Small-Scale Turbulence in a Closed-Field-Line Geometry}},
	author={Ricci, P. and Rogers, B. N. and Dorland, W.},
	journal=PRL,
	volume={97},
	pages={245001},
	year={2006},
}


@article{ricci2006glt,
	title={{Gyrokinetic linear theory of the entropy mode in a Z pinch}},
	author={Ricci, P. and Rogers, B. N. and Dorland, W. and Barnes, M.},
	journal=PoP,
	volume={13},
	pages={062102},
	year={2006},
}

@article{microstab1,
  author={C. M. Roach and D. J. Applegate and J. W. Connor and S. C. Cowley and W. D. Dorland and R. J. Hastie and N. Joiner and S. Saarelma and A. A. Schekochihin and R. J. Akers and C. Brickley and A. R. Field and M. Valovic and the MAST. Team},
  title={Microstability physics as illuminated in the spherical tokamak},
  journal=PPCF,
  volume={47},
  pages={B323},
  year={2005}
} 

@article{microstab2,
  author={D. J. Applegate and C. M. Roach and J. W. Connor and S. C. Cowley and W. Dorland and R. J. Hastie and N. Joiner},
  title={Micro-tearing modes in the mega ampere spherical tokamak},
  journal=PPCF,
  volume={49},
  pages={1113},
  year={2007}
}
@article{tsang1981destabilization,
	author = {K. T. Tsang and D. J. Sigmar and J. C. Whitson},
	title = {Destabilitization of low mode number Alfv\'en modes in a tokamak by energetic or alpha particles},
	year = {1981},
	journal = PFL,
	volume = {24},
	pages = {1508},
}

@inproceedings{borisvarenna,
	author = {Boris Breizman},
	title = {Fast Particle Interaction With Waves In Fusion Plasmas},
	booktitle = {Theory Of Fusion Plasmas: Joint Varenna-Lausanne International Workshop},
	editor = {Olivier Sauter},
	pages = {15},
	year = {2006},
	publisher = {AIP},
}

@article{zoncaaitg,
	author = {Fulvio Zonca and Liu Chen and J. Q. Dong and Robert A. Santoro},
	title = {Existence of ion temperature gradient driven shear Alfv[e-acute]n instabilities in tokamaks},
	year = {1999},
	journal = PoP,
	volume = {6},
	pages = {1917},
}

@article{littlejohn1981hamiltonian,
	author = {R. G. Littlejohn},
	title = {Hamiltonian formulation of guiding center motion},
	year = {1981},
	journal = PoF,
	volume = {24},
	pages = {1730},
}

@article{berk1995saw,
	title={{Simulation of Alfven-wave-resonant-particle interaction}},
	author={Berk, H. L. and Breizman, B. N. and Pekker, M. S.},
	journal=NF,
	volume={35},
	pages={1713},
	year={1995}
}

@article{hazeltine1973rdd,
	title={{Recursive derivation of drift-kinetic equation}},
	author={Hazeltine, R. D.},
	journal=PP,
	volume={15},
	pages={77},
	year={1973},
}

@article{simakov2005dke,
	title={{Drift kinetic equation exact through second order in gyroradius expansion}},
	author={Simakov, A. N. and Catto, P. J.},
	journal=PoP,
	volume={12},
	pages={012105},
	year={2005}
}

@book{bender1999amm,
	title={{Advanced Mathematical Methods for Scientists and Engineers}},
	author={Bender, C. M. and Orszag, S. A.},
	year={1999},
	publisher={Springer Verlag}
}

@article{fu2003epg,
	title={{Effects of pressure gradient on existence of Alfvén cascade modes in reversed shear tokamak plasmas}},
	author={Fu, G. Y. and Berk, H. L.},
	year={2006},
	journal=PoP,
	pages={052502},
	volume=13,
}

@article{huysmans2004enh,
	title={{Effects of nonresonant hot ions with large orbits on Alfven cascades and on magnetohydrodynamic instabilities in tokamaks}},
	author={Huysmans, G. and Sharapov, S. E.  and Mikhailovskii, A. B.},
	year={2004},
	journal=PoP,
	volume=11,
	pages=2286,
}

@article{bender1969ao,
	title={{Anharmonic Oscillator}},
	author={Bender, C. M. and Wu, T. T.},
	year={1969},
	journal=PRev,
	volume=184,
	pages=1231
}

@article{PhysRevLett.41.1141,
	title = {Discrepancies from Asymptotic Series and Their Relation to Complex Classical Trajectories},
	author = {Balian, R.  and Parisi, G.  and Voros, A. },
	journal = PRL,
	volume = {41},
	pages = {1141},
	year = {1978},
}

@article{littlejohn1983,
	journal = JPP,
	year = {1983},
	author = {Littlejohn, R. G.},
	volume = {29},
	pages  = {111}
}


@article{meiss1990ccg,
	title={{Canonical coordinates for guiding center particles}},
	author={Meiss, J. D. and Hazeltine, R. D.},
	journal=PFB,
	volume={2},
	pages={2563},
	year={1990},
}

@article{chen1984eik,
	title = {Excitation of Internal Kink Modes by Trapped Energetic Beam Ions},
	author = {Chen, L.  and White, R. B. and Rosenbluth, M. N.},
	journal = PRL,
	volume = {52},
	pages = {1122},
	year = {1984},
}

@article{gorelenkov2008existence,
author = {N. N. Gorelenkov},
title = {Existence of weakly damped kinetic Alfv\'en eigenmodes in reversed shear tokamak plasmas},
year = {2008},
journal = PoP,
volume = {15},
numpages = {4},
pages = {110701},
}

@article{konovalov2004kinetic,
	author = {S. V. Konovalov and A. B. Mikhailovskii and M. S. Shirokov and E. A. Kovalishen and T. Ozeki},
	title = {Kinetic reversed-shear Alfv\'en eigenmodes},
	year = {2004},
	journal = PoP,
	volume = {11},
	pages = {4531},
}

@article{iterphysics5,
  author={{ITER Physics Expert Group on Energetic Particles and Heating and Current Drive and ITER Physics Basis Editors}},
  title={{ ITER Physics Basis Chapter 5: Physics of energetic ions}},
  journal=NF,
  volume={39},
  pages={2471},
  year={1999},
}

@article{progiterphysics2,
	author={E.J. Doyle and  W.A. Houlberg and  Y. Kamada and  V. Mukhovatov and  T.H. Osborne and  A. Polevoi and  G. Bateman and  J.W. Connor and  J.G. Cordey and  T. Fujita and  X. Garbet and  T.S. Hahm and  L.D. Horton and  A.E. Hubbard and  F. Imbeaux and  F. Jenko and  J.E. Kinsey and  Y. Kishimoto and  J. Li and  T.C. Luce and  Y. Martin and  M. Ossipenko and  V. Parail and  A. Peeters and  T.L. Rhodes and  J.E. Rice and  C.M. Roach and  V. Rozhansky and  F. Ryter and  G. Saibene and  R. Sartori and  A.C.C. Sips and  J.A. Snipes and  M. Sugihara and  E.J. Synakowski and  H. Takenaga and  T. Takizuka and  K. Thomsen and  M.R. Wade and  H.R. Wilson and  ITPA Transport Physics Topical Group and  ITPA Confinement Database and Modelling Topical Group and ITPA Pedestal and Edge Topical Group},
	title={Progress in the {ITER} Physics Basis Chapter 2: Plasma confinement and transport},
	journal=NF,
	volume={47},
	pages={S18},
	year={2007},
}

@article{progiterphysics5,
  author={A. Fasoli and C. Gormenzano and H. L. Berk and B. Breizman and S. Briguglio and D. S. Darrow and N. Gorelenkov and W. W. Heidbrink and A. Jaun and S. V. Konovalov and R. Nazikian and J.-M. Noterdaeme and S. Sharapov and K. Shinohara and D. Testa and K. Tobita and Y. Todo and G. Vlad and F. Zonca},
  title={Progress in the {ITER} Physics Basis Chapter 5: Physics of energetic ions},
  journal=NF,
  volume={47},
  pages={S264-S284},
  year={2007},
}

@article{progiterphysics1,
  author={M. Shimada and D. J. Campbell and V. Mukhovatov and M. Fujiwara and N. Kirneva and K. Lackner and M. Nagami and V. D. Pustovitov and N. Uckan and J. Wesley},
  title={Progress in the ITER Physics Basis Chapter 1: Overview and Summary},
  journal=NF,
  volume={47},
  pages={S1},
  year={2007},
}

@article{mikhailovskii1975tdi,
	title={{Thermonuclear drift instabilities}},
	author={Mikhailovskii, A. B.},
	journal=SovJETP,
	volume={41},
	pages={890},
	year={1975}
}

@article{wong1999rae,
  author={King-Lap Wong},
  title={A review of Alfv\'{e}n eigenmode observations in toroidal plasmas},
  journal=PPCF,
  volume={41},
  pages={R1},
  year={1999},
} 

@article{sigmar1992alpha,
	author = {D. J. Sigmar and C. T. Hsu and R. White and C. Z. Cheng},
	title = {Alpha-particle losses from toroidicity-induced Alfv\'en eigenmodes. Part II: Monte Carlo simulations and anomalous alpha-loss processes},
	year = {1992},
	journal = PFB,
	volume = {4},
	pages = {1506},
}

@article{stix1975fwh,
	title={{Fast-wave heating of a two-component plasma}},
	author={Stix, T. H.},
	journal=NF,
	volume={15},
	pages={737},
	year={1975}
}

@article{wong1998growth,
	author = {H. V. Wong and H. L. Berk},
	title = {Growth and saturation of toroidal Alfv\'en eigenmode modes destabilized by ion cyclotron range of frequency produced tails},
	year = {1998},
	journal = PoP,
	volume = {5},
	pages = {2781},
}

@article{fu1995existence,
	author = {G. Y. Fu},
	title = {Existence of core localized toroidicity-induced Alfv[e-acute]n eigenmode},
	year = {1995},
	journal = PoP,
	volume = {2},
	pages = {1029},
}


@article{berk1995more,
	author = {H. L. Berk and Van Dam, J. W.  and D. Borba and J. Candy and G. T. A. Huysmans and S. Sharapov},
	title = {More on core-localized toroidal Alfv[e-acute]n eigenmodes},
	year = {1995},
	journal = PoP,
	volume = {2},
	pages = {3401},
}

@article{kramer2004oot,
	title = {Observation of Odd Toroidal Alfv\'en Eigenmodes},
	author = {Kramer, G. J. and Sharapov, S. E. and Nazikian, R.  and Gorelenkov, N. N. and Budny, R. V.},
	journal = {Phys. Rev. Lett.},
	volume = {92},
	pages = {015001},
	numpages = {4},
	year = {2004},
	month = {Jan},
	doi = {10.1103/PhysRevLett.92.015001},
}

@article{candy1996mlt,
	title = "Multiplicity of low-shear toroidal Alfvén eigenmodes",
	journal = PLA,
	volume = {215},
	pages = {299},
	year = "1996",
	author = {J. Candy and B. N. Breizman and Van Dam, J. W. and T. Ozeki},
}

@article{sandquist2007bidirectional,
	author = {P. Sandquist and S. E. Sharapov and M. Lisak and T. Johnson and {JET-EFDA contributors}},
	title = {Bidirectional tornado modes on the Joint European Torus},
	year = {2007},
	journal = PoP,
	volume = {14},
	pages = {122506}
}

@article{sharapov2001mhds,
	title = {MHD spectroscopy through detecting toroidal Alfvén eigenmodes and Alfvén wave cascades},
	author = {S. E. Sharapov and D. Testa and B. Alper and D. N. Borba and A. Fasoli and N. C. Hawkes and R. F. Heeter and M. Mantsinen and M. G. Von Hellermann},
	journal = PLA,
	volume = {289},
	pages = {127},
	year = {2001},
}

@article{kimura1998aee,
	author={H. Kimura and Y. Kusama and M. Saigusa and G. J. Kramer and K. Tobita and M. Nemoto and T. Kondoh and T. Nishitani and O. Da Costa and T. Ozeki and T. Oikawa and S. Moriyama and A. Morioka and G. Y. Fu and C. Z. Cheng and V. I. Afanas'ev},
	title={Alfv\'{e}n eigenmode and energetic particle research in JT-60U},
	journal=NF,
	volume={38},
	pages={1303},
	year={1998},
}

@article{snipes2005active,
	author = {J. A. Snipes and N. Basse and C. Boswell and E. Edlund and A. Fasoli and N. N. Gorelenkov and R. S. Granetz and L. Lin and Y. Lin and R. Parker and M. Porkolab and J. Sears and S. Sharapov and V. Tang and S. Wukitch},
	title = {Active and fast particle driven Alfv[e-acute]n eigenmodes in Alcator C-Mod},
	year = {2005},
	journal = PoP,
	volume = {12},
	pages = {056102},
}

@article{sharapov2004mac,
	title = {Monitoring Alfv\'en Cascades with Interferometry on the JET Tokamak},
	author = {Sharapov, S. E. and Alper, B.  and Fessey, J.  and Hawkes, N. C. and Young, N. P. and Nazikian, R.  and Kramer, G. J. and Borba, D. N. and Hacquin, S.  and De La Luna, E.  and Pinches, S. D. and Rapp, J.  and Testa, D.  and {JET-EFDA Contributors} },
	journal = PRL,
	volume = {93},
	pages = {165001},
	year = {2004},
}

@article{hacquin2007lxr,
	author={S. Hacquin and S. E. Sharapov and B. Alper and C. D. Challis and A. Fonseca and E. Mazzucato and A. Meigs and L. Meneses and I. Nunes and S. D. Pinches and {JET-EFDA Contributors}},
	title={Localized X-mode reflectometry measurements of Alfv\'{e}n eigenmodes on the {JET} tokamak},
	journal=PPCF,
	volume={49},
	pages={1371},
	year={2007},
}



@article{brix:10F325,
	author = {M. Brix and N. C. Hawkes and A. Boboc and V. Drozdov and S. E. Sharapov and {JET-EFDA Contributors}},
	title = {Accuracy of {EFIT} equilibrium reconstruction with internal diagnostic information at {JET}},
	year = {2008},
	journal = RSI,
	volume = {79},
	pages = {10F325},
}


@article{fulop1996fow,
	title={{Finite orbit width stabilizing effect on toroidal Alfven eigenmodes excited by passing and trapped energetic ions}},
	author={F{\"}ul{\"}op, T. and Lisak, M. and Kolesnichenko, Y. I. and Anderson, D.},
	journal=PPCF,
	volume={38},
	pages={811},
	year={1996}
}



@article{zonca:4600,
	author = {F. Zonca and L. Chen},
	title = {Destabilization of energetic particle modes by localized particle sources},
	year = {2000},
	journal = PoP,
	volume = {7},
	pages = {4600},
}

@article{hellsten2004efd,
	author={T. Hellsten and T. Johnson and J. Carlsson and L.-G. Eriksson and J. Hedin and M. Laxaback and M. Mantsinen},
	title={Effects of finite drift orbit width and RF-induced spatial transport on plasma heated by ICRH},
	journal=NF,
	volume={44},
	pages={892},
	year={2004}
}

@article{breizman1995epd,
	author={B. N. Breizman and S. E. Sharapov},
	title={Energetic particle drive for toroidicity-induced Alfven eigenmodes and kinetic toroidicity-induced Alfven eigenmodes in a low-shear tokamak},
	journal=PPCF,
	volume={37},
	pages={1057},
	year={1995}
}

@article{bender1977naw,
	author={C. M. Bender and K. Olaussen and P. S. Wang},
	title={Numerological analysis of the WKB approximation in large order},
	journal=PRD,
	year=1977,
	volume=16,
	pages=1740
}

@article{catto:2784,
	author = {P. J. Catto and I. B. Bernstein and M. Tessarotto},
	title = {Ion transport in toroidally rotating tokamak plasmas},
	year = {1987},
	journal = PFL,
	volume = {30},
	pages = {2784},
}

@book{balescu1988tpp,
	author = {R. Balescu},
	title  = {Transport Processes in Plasmas},
	year   = 1988,
	publisher = {North-Holland, Amsterdam},
}

@article{larsson:230,
	author = {Jonas Larsson},
	title = {Electromagnetics from a quasistatic perspective},
	year = {2007},
	journal = AJP,
	volume = {75},
	pages = {230},
	url = {http://link.aip.org/link/?AJP/75/230/1},
	doi = {10.1119/1.2397095}
}

@article{ito2009aht,
  author={Atsushi Ito and Noriyoshi Nakajima},
  title={Analytic high-beta tokamak equilibria with poloidal-sonic flow},
  journal=PPCF,
  volume={51},
  pages={035007},
  url={http://stacks.iop.org/0741-3335/51/035007},
  year={2009},
}

@article{artun1992gai,
	title={{Gyrokinetic analysis of ion temperature gradient modes in the presence of sheared flows}},
	author={Artun, M. and Tang, W. M.},
	journal=PFB,
	volume={4},
	pages={1102},
	year={1992}
}

@article{kagan2008apg,
	title={{Arbitrary poloidal gyroradius effects in tokamak pedestals and transport barriers}},
	author={Kagan, G. and Catto, P. J.},
	journal=PPCF,
	volume=50,
	year=2008,
	pages=085010
}

@article{parra2008lgt,
	title={{Limitations of gyrokinetics on transport time scales}},
	author={Parra, F. I. and Catto, P. J.},
	journal=PPCF,
	volume=50,
	year=2008,
	pages=065014
}

@book{michaelthesis,
	title={Trinity: A unified treatment of turbulence, transport, and heating in magnetized Plasmas; Ph.D. Thesis (U. of Maryland)},
	author={M. Barnes},
	year=2008,
	url={http://arxiv.org/abs/0901.2868}
}


@article{artun1994nonlinear,
	author = {M. Artun and W. M. Tang},
	title = {Nonlinear electromagnetic gyrokinetic equations for rotating axisymmetric plasmas},
	year = {1994},
	journal = PoP,
	volume = {1},
	pages = {2682},
}

@Article{PhysRevLett.87.115001,
	title = {Observation of Zero Current Density in the Core of {JET} Discharges with Lower Hybrid Heating and Current Drive},
	author = {Hawkes, N. C. and Stratton, B. C. and Tala, T.  and Challis, C. D. and Conway, G.  and DeAngelis, R.  and Giroud, C.  and Hobirk, J.  and Joffrin, E.  and Lomas, P.  and Lotte, P.  and Mailloux, J.  and Mazon, D.  and Rachlew, E.  and Reyes-Cortes, S.  and Solano, E.  and Zastrow, K-D. },
	journal = {Phys. Rev. Lett.},
	volume = {87},
	pages = {115001},
	numpages = {4},
	year = {2001},
	month = {Aug},
	doi = {10.1103/PhysRevLett.87.115001},
}

@article{rebut1987jet,
	title={{The {JET} experiment: Evolution, present status, and prospects}},
	author={Rebut, P. H. and Keen, B. E.},
	journal=FT,
	volume={11},
	pages={13},
	year={1987}
}

@article{bernstein1974tia,
	title={Transport in Axisymmetric Plasmas},
	author={Bernstein, I. B.},
	journal=PFL,
	volume=17,
	pages=547,
	year=1974
}

@book{gabethesis,
	title={The theory of gyrokinetic turbulence: A multiple-scales approach; Ph.D. Thesis (UCLA)},
	author={G. G. Plunk},
	year=2009,
	url={http://arxiv.org/abs/0903.1091}
}

@article{gang1990nonlinear,
	title={{A nonlinear bounce-kinetic equation for trapped electrons}},
	author={Gang, F. Y. and Diamond, P. H.},
	journal=PFB,
	volume={2},
	pages={2976},
	year={1990}
}

@article{roach2009gss,
  title={{Gyrokinetic simulations of spherical tokamaks}},
  author={Roach, C. M. and Abel, I. G. and Akers, R. J. and Arter, W. and Barnes, M. and Camenen, Y. and Casson, F. J. and Colyer, G. and Connor, J. W. and Cowley, S. C. and others},
  journal=PPCF,
  volume={51},
  pages={124020},
  year={2009},
  publisher={Institute of Physics Publishing}
}

@article{flowtome2-electrons,
	title={Multiscale Gyrokinetics for Rotating Tokamak Plasmas {II}: {Reduced} Models for Electron Dynamics},
	author={Abel, I. G. and Cowley, S. C.},
	journal=NJP,
	volume=15,
	pages=023041,
	year=2013
}
	

@article{flowtome1,
	title={Multiscale Gyrokinetics for Rotating Tokamak Plasmas : {Fluctuations} and Transport},
	author={Abel, I. G. and G. G. Plunk and E. Wang and M. A. Barnes and S. C. Cowley and W. Dorland and A. A. Schekochihin},
	journal=RoPP,
	volume=76,
	pages=116201,
	year={2013},
}

@article{flowtome3-alphas,
	title={Multiscale Gyrokinetics for Rotating Tokamak Plasmas {III}: {Energetic} Particles},
	author={Abel, I. G. and A. A. Schekochihin},
	year={2013},
	note={In preparation},
	journal=NJP,
}

@article{sugama1998neg,
	title={Nonlinear electromagnetic gyrokinetic equation for plasmas with large mean flows},
	author={H. Sugama and W. Horton},
	year={1998},
	journal=PoP,
	volume=5,
	pages=2560
}

@article{sugama1997tpe,
	title={Transport processes and entropy production in toroidally rotating plasmas with electrostatic turbulence},
	author={H. Sugama and W. Horton},
	year={1997},
	journal=PoP,
	volume=4,
	pages=405
}

@article{taylor1968sgp,
	author={J. B. Taylor and R. J. Hastie},
	title={{Stability of general plasma equilibria - I formal theory}},
	journal=PP,
	volume={10},
	pages={479},
	url={http://stacks.iop.org/0032-1028/10/479},
	year={1968}
}

@article{catto1981ggk,
	author={P. J. Catto and W. M. Tang and D. E. Baldwin},
	title={Generalized gyrokinetics},
	journal=PP,
	volume={23},
	pages={639},
	url={http://stacks.iop.org/0032-1028/23/639},
	year={1981},
}

@article{muller2009sfe,
	author={S. H. Muller and C. Holland and G. R. Tynan and J. H. Yu and V. Naulin},
	title={Source formulation for electron-impact ionization for fluid plasma simulations},
	journal=PPCF,
	volume={51},
	pages={105014},
	url={http://stacks.iop.org/0741-3335/51/105014},
	year={2009},
}


@unpublished{gham_gs2vecshear_unpub,
	author={G. W. Hammett},
	journal={Unpublished},
	title={Notes on adding equilibrium scale {ExB} shear to {GS2}},
	year={2006},
}


@article{hinton1976tpt,
	author={Hinton, F. L. and Hazeltine, R. D.},
	journal=RMP,
	volume=48,
	pages=239,
	year={1976}
}
@article{cowley1991considerations,
  title={{Considerations of ion-temperature-gradient-driven turbulence}},
  author={Cowley, S. C. and Kulsrud, R. M. and Sudan, R.},
  journal=PFB,
  volume={3},
  pages={2767},
  year={1991}
}

@article{roberts1965gravitational,
  title={{Gravitational resistive instability of an incompressible plasma in a sheared magnetic field}},
  author={Roberts, K. V. and Taylor, J. B.},
  journal=PoF,
  volume={8},
  pages={315},
  year={1965}
}

@unpublished{dorland-microinstabilities,
  title={{Microinstabilities in Axisymmetric Configurations}},
  author={Dorland, W. and Kotschenreuther, M.},
  url={http://w3.pppl.gov/~hammett/work/gs2/docs/geometry/g_short_old/g_short.pdf}
}

@article{hintonwong1985nit,
	author = {Hinton, F. L. and Wong, S. K. },
	title = {Neoclassical ion transport in rotating axisymmetric plasmas},
	year = {1985},
	journal = PFL,
	volume = {28},
	pages = {3082},
	url = {http://link.aip.org/link/?PFL/28/3082/1},
	doi = {10.1063/1.865350}
}

@article{parra2009via,
	author={F. I. Parra and P. J. Catto},
	title={Vorticity and intrinsic ambipolarity in turbulent tokamaks},
	journal=PPCF,
	volume={51},
	pages={095008},
	notes={arXiv:1007.0040},
	year={2009}
}

@article{connor1987trmt,
	author={J. W. Connor and S. C. Cowley and R. J. Hastie and L. R. Pan},
	title={Toroidal rotation and momentum transport},
	journal=PPCF,
	volume={29},
	pages={919},
	url={http://stacks.iop.org/0741-3335/29/919},
	year={1987}
}

@article{barnes2009trinity,
	author={M. A. Barnes and I. G. Abel and W. Dorland and T. G{\"o}rler and G. W. Hammett and F. Jenko},
	title={Direct multiscale coupling of a transport code to gyrokinetic turbulence codes},
	volume={17},
	pages={056109},
	journal=PoP,
	year = 2010,
	doi={10.1063/1.3323082}
}

@book{stevefreezing,
	title={Some aspects of anomalous transport in tokamaks: Stochastic magnetic fields, tearing modes and nonlinear ballooning instabilities; Ph.D. Thesis (Princeton University)},
	author={S. C. Cowley},
	year=1985
}

@article{krommesReview,
	title = "Fundamental statistical descriptions of plasma turbulence in magnetic fields",
	journal = PRep,
	volume = "360",
	pages = "1",
	year = "2002",
	doi = {10.1016/S0370-1573(01)00066-7},
}

@article{hamada1962hme,
	title = {Hydromagnetic Equilibria and their Proper Coodinates},
	author = {Hamada, S.},
	volume = 2,
	journal = NF,
	pages = 23,
	year = 1962,
}

@article{candy2009tgyro,
		author = {J. Candy and C. Holland and R. E. Waltz and M. R. Fahey and E. Belli},
		title = {Tokamak profile prediction using direct gyrokinetic and neoclassical simulation},
		year = {2009},
		journal = PoP,
		volume = {16},
		pages = {060704},
		url = {http://link.aip.org/link/?PHP/16/060704/1},
		doi = {10.1063/1.3167820}
}

@article{hinton:168,
	author = {F. L. Hinton and M. N. Rosenbluth and R. E. Waltz},
	title = {Reduced equations for electromagnetic turbulence in tokamaks},
	year = {2003},
	journal = PoP,
	volume = {10},
	pages = {168},
	url = {http://link.aip.org/link/?PHP/10/168/1},
	doi = {10.1063/1.1524630}
}

@article{belli2008kcn,
	author={E. A. Belli and J. Candy},
	title={Kinetic calculation of neoclassical transport including self-consistent electron and impurity dynamics},
	journal=PPCF,
	volume={50},
	pages={095010},
	url={http://stacks.iop.org/0741-3335/50/095010},
	year={2008}
}

@article{hintonrosenbluth,
	author={F. L. Hinton and M. N. Rosenbluth},
	title={Dynamics of axisymmetric $\bm{E}\times\bm{B}$ and poloidal flows in tokamaks},
	journal=PPCF,
	volume={41},
	pages={A653},
	doi={10.1088/0741-3335/41/3A/059},
	year={1999}
}

@article{chenparker2001,
	author={Y. Chen and S. Parker},
	title={A gyrokinetic ion zero electron inertia fluid electron model for turbulence simulations},
	year={2001},
	journal=PoP,
	volume=8,
	pages={441},
	doi={10.1063/1.1335584}
}

@article{linelectrons01,
	author={Z. Lin and L. Chen},
	title={A fluid–kinetic hybrid electron model for electromagnetic simulations},
	year=2001,
	journal=PoP,
	volume=8,
	pages={1447},
	doi={10.1063/1.1356438} 
}

@article{cohen:251,
	author = {B. I. Cohen and A. M. Dimits and W. M. Nevins and Y. Chen and S. Parker},
	title = {Kinetic electron closures for electromagnetic simulation of drift and shear-{Alf}v\'en waves. {I}.},
	year = {2002},
	journal = PoP,
	volume = {9},
	pages = {251},
	doi = {10.1063/1.1428759}
}

@article{snyder:3199,
	author={P. B. Snyder and G. W. Hammett},
	title={A {Landau} fluid model for electromagnetic plasma microturbulence},
	journal=PoP,
	year={2001},
	volume={8},
	pages={3199},
	doi={10.1063/1.1374238}
}

@article{snyder:744,
	author={P. B. Snyder and G. W. Hammett},
	title={Electromagnetic effects on plasma microturbulence and transport},
	journal=PoP,
	year={2001},
	volume={8},
	pages={744},
	doi={10.1063/1.1342029}
}

@book{snyderthesis,
	title={Gyrofluid Theory and Simulation of Electromagnetic Turbulence and Transport in Tokamak Plasmas; Ph.D. Thesis (Princeton University)},
	author={P. B. Snyder},
	year=1999
}

@article{zoccoelectrons,
	title={Reduced fluid-kinetic equations for low-frequency dynamics, magnetic reconnection and electron heating in low-beta plasmas},
	author={A. Zocco and A. A. Schekochihin},
	year=2011,
	volume=18,
	pages=102309,
	journal=PoP
}

@article{gorelenkov1992cte,
	title={On the collisional damping of {TAE}-Modes on trapped electrons in a tokamak},
	author={Gorelenkov, N. N. and Sharapov, S. E.},
	year=1992,
	volume=45,
	pages=163,
	journal=PScr
}

@article{BishopAndCowley,
	title={Neoclassical Transport Theory in Rotating Axisymmetric Plasmas},
	journal={{Culham Laboratory Report CLM-M 109}},
	author={Cowley, S. C. and Bishop, C. M.},
	year=1986,
}	

@article{iterativeGSinverse,
	title={An Iterative Metric Method for Solving the Inverse Tokamak Equilibrium Promlem},
	year=1980,
	volume=37,
	pages=183,
	author={J. DeLucia and S. C. Jardin and A. M. M. Todd},
	journal=JCP
}

@article{DeZeeuw19901,
	title={Matrix-dependent prolongations and restrictions in a blackbox multigrid solver},
	journal=JCompAppMath,
	volume=33,
	pages=1,
	year=1990,
	doi={10.1016/0377-0427(90)90252-U},
	author={P. M. De Zeeuw}
}

@article{li:1466,
	author = {Y. M. Li and S. M. Mahajan and D. W. Ross},
	title = {Destabilization of global Alfv{\'e}n eigenmodes and kinetic Alfv{\'e}n waves by alpha particles in a tokamak plasma},
	year = {1987},
	journal = PFL,
	volume = {30},
	pages = {1466},
}

@book{hasegawasato,
	author = {{Hasegawa}, A. and {Sato}, T.},
	title = "{Space plasma physics: {I} - {Stationary} processes}",
	publisher = {New York, Springer-Verlag},
	year = 1989,
}

@article{dimits:969,
	author = {A. M. Dimits and G. Bateman and M. A. Beer and B. I. Cohen and W. Dorland and G. W. Hammett and C. Kim and J. E. Kinsey and M. Kotschenreuther and A. H. Kritz and L. L. Lao and J. Mandrekas and W. M. Nevins and S. E. Parker and A. J. Redd and D. E. Shumaker and R. Sydora and J. Weiland},
	title = {Comparisons and physics basis of tokamak transport models and turbulence simulations},
	year = {2000},
	journal = PoP,
	volume = {7},
	pages = {969},
}

@article{gkwRef,
	title = {The nonlinear gyro-kinetic flux tube code {GKW}},
	author = {A. G. Peeters and Y. Camenen and F. J. Casson and W. A. Hornsby and A. P. Snodin and D. Strintzi and G. Szepesi},
	journal = CPC,
	volume = "180",
	pages = "2650",
	year = "2009",
}

@article{dorlandETG,
	journal= PRL,
	year = 2000,
	volume = 85,
	pages = 5579,
	author = {W. Dorland and F. Jenko and M. Kotschenreuther and B. N. Rogers},
	title = "Electron Temperature Gradient Turbulence",
}

@article{gs2ref,
	journal = CPC,
	year = 1995,
	volume = 88,
	pages = 128,
	author = {M. Kotschenreuther and G. W. Rewoldt and W. M. Tang},
	title = "Comparison of initial value and eigenvalue codes for kinetic toroidal plasma instabilities",
}


@article{manticastiffness,
  title = {Experimental Study of the Ion Critical-Gradient Length and Stiffness Level and the Impact of Rotation in the {JET} Tokamak},
  author = {Mantica, P.  and Strintzi, D.  and Tala, T.  and Giroud, C.  and Johnson, T.  and Leggate, H.  and Lerche, E.  and Loarer, T.  and Peeters, A. G. and Salmi, A.  and Sharapov, S.  and Van Eester, D.  and de Vries, P. C. and Zabeo, L.  and Zastrow, K.-D. },
  journal = {Phys. Rev. Lett.},
  volume = {102},
  pages = {175002},
  numpages = {5},
  year = {2009},
  month = {Apr},
  doi = {10.1103/PhysRevLett.102.175002},
  publisher = {American Physical Society}
}


@article{gs2flowshear,
	author = {Hammett, G. W. and Dorland, W. and Loureiro, N. F. and Tatsuno, T.},
	journal = {Bull. Am. Phys. Soc},
	year = {2006},
 	note={Abstract VP1.136},
 	publisher = {48th Annual Meeting of the Division of Plasma Physics},
  url={http://meetings.aps.org/link/BAPS.2006.DPP.VP1.136}
}

@book{ericthesis,
	title={Gyrokinetic effects on transport and electron temperature gradient turbulence; Ph.D. Thesis (UCLA)},
	author={E. Wang},
	year=2009,
}

@article{newcombLinesOfForce,
	journal=AnnPh,
	title={Motion of Magnetic Lines of Force},
	author={W. A. Newcomb},
	year=1958,
	volume=3,
	pages=347,
}

@book{landau-sp1,
	title={Statistical Physics, Part 1},
	author={L. D. Landau and E. M. Lifshitz},
	year=1980,
	publisher={Butterworth-Heinemann, Oxford},
}

@book{landau-sp2,
	title={Statistical Physics, Part 2},
	author={E. M. Lifshitz and L. P. Pitaevskii},
	year=1980,
	publisher={Butterworth-Heinemann, Oxford},
}

@article{brizardFlow,
	title={Nonlinear gyrokinetic Vlasov equation for toroidally rotating axisymmetric tokamaks},
	author={Brizard, A.},
	journal=PoP,
	volume=2,
	pages=459,
	year=1994,
}

@article{kovrizhnikhAmbipolar,
	author={Kovrizhnykh, L. M.},
	title={Transport Phenomena in Toroidal Magnetic Systems},
	journal=SovJETP,
	volume=29,
	pages=475,
	year=1969
}

@article{rutherfordAmbipolar,
	title={Collisional Diffusion in an Axisymmetric Torus},
	author={Rutherford, P. H.},
	year=1970,
	journal=PFL,
	volume=13,
	pages=482
}

@article{vries2009internal,
  title={{Internal transport barrier dynamics with plasma rotation in JET}},
  author={Vries, P. C. and Joffrin, E. and Brix, M. and Challis, C. D. and Cromb{\'e}, K. and Esposito, B. and Hawkes, N. C. and Giroud, C. and Hobirk, J. and L{\"o}nnroth, J. and others},
  journal=NF,
  volume={49},
	publisher={IOP Publishing},
  pages={075007},
  year={2009},
}


@article{shafer2009internalq2,
  title = {Localized Turbulence Suppression and Increased Flow Shear near the $q=2$ Surface during Internal-Transport-Barrier Formation},
  author = {Shafer, M. W. and McKee, G. R. and Austin, M. E. and Burrell, K. H. and Fonck, R. J. and Schlossberg, D. J.},
  journal = PRL,
  volume = {103},
  pages = {075004},
  year = {2009},
  doi = {10.1103/PhysRevLett.103.075004},
}

@article{highcock2010transport,
  title = {Transport Bifurcation in a Rotating Tokamak Plasma},
  author = {Highcock, E. G. and Barnes, M.  and Schekochihin, A. A. and Parra, F. I. and Roach, C.  and Cowley, S. C.},
  journal = {Phys. Rev. Lett.},
  volume = {105},
  pages = {215003},
  numpages = {4},
  year = {2010},
  month = {Nov},
	doi = {10.1103/PhysRevLett.105.215003},
  publisher = {American Physical Society}
}



@article{cmodrotation2009,
	title = {Observation of ion cyclotron range of frequencies mode conversion plasma flow drive on {Alcator C-Mod}},
	author = {Y. Lin and  J. E. Rice and  S. J. Wukitch and  M. J. Greenwald and  A. E. Hubbard and  A. Ince-Cushman and  L. Lin and  E. S. Marmar and  M. Porkolab and  M. L. Reinke and  N. Tsujii and J. C. Wright},
	journal = PoP,
	year = 2009,
	pages = 056102,
	volume = 16
}

@article{candy2006parallelnonlinearity,
	title= {Relevance of the parallel nonlinearity in gyrokinetic simulations of tokamak plasmas},
	author = {J. Candy and R. E. Waltz and S. E. Parker and Y. Chen},
	journal = PoP,
	year = 2006,
	volume = 13,
	pages = 074501
}

@article{hinton2006heating,
	title = {Gyrokinetic turbulent heating},
	journal = PoP,
	volume = 13,
	author = {Hinton, F. L. and Waltz, R. E.},
	pages = 102301,
}

@article{cattoPVG,
	author = {P. J. Catto and M. N. Rosenbluth and C. S. Liu},
	title = {Parallel velocity shear instabilities in an inhomogeneous plasma with a sheared magnetic field},
	year = {1973},
	journal = PFL,
	volume = {16},
	pages = {1719}
}

@article{candy2004local,
	author = {J. Candy and R. E. Waltz and W. Dorland},
	title = {The local limit of global gyrokinetic simulations},
	year = 2004,
	journal = PoP,
	volume = 11,
	pages = {L25}
}

@article{newton2010understanding,
	title={{Understanding the effect of sheared flow on microinstabilities}},
	author={Newton, S. L. and Cowley, S. C. and Loureiro, N. F.},
	journal=PPCF,
	volume={52},
	pages={125001},
	year={2010},
}

@article{rechester1978eht,
	author = {R. Rechester and M. N. Rosenbluth},
	title = {Electron Heat Transport in a Tokamak with Destroyed Magnetic Surfaces},
	year = 1978,
	journal= PRL,
	volume = 40,
	pages = 38
}

@article{kinsey2005flowshear,
	author = {J. E. Kinsey and R. E. Waltz and J. Candy},
	title = {Nonlinear gyrokinetic turbulence simulations of E x B shear quenching of transport},
	year = {2005},
	journal = POP,
	volume = {12},
	pages = {062302},
	doi = {10.1063/1.1920327}
}

@article{catto1973parallel,
  title={{Parallel velocity shear instabilities in an inhomogeneous plasma with a sheared magnetic field}},
  author={Catto, P.J. and Rosenbluth, M.N. and Liu, C.S.},
  journal=POF,
  volume={16},
  pages={1719},
  year={1973}
}


@article{burrell1997effects,
  title={{Effects of E x B velocity shear and magnetic shear on turbulence and transport in magnetic confinement devices}},
  author={Burrell, K. H.},
  journal=POP,
  volume={4},
  number={5},
  pages={1499},
  year={1997},
  publisher={Woodbury, NY: American Institute of Physics, c1994-}
}

@article{connor2004itbreview,
  title={{A review of internal transport barrier physics for steady-state operation of tokamaks}},
  author={Connor, J. W. and Fukuda, T. and Garbet, X. and Gormezano, C. and Mukhovatov, V. and Wakatani, M. and others},
  journal=NF,
  volume={44},
  pages={R1},
  year={2004},
  publisher={IOP Publishing}
}

@misc{fcassoncomm,
  author =	 "F. J. Casson",
  month =	 "July",
  year =	 2010,
  howpublished = "private communication"
}
@article{wootton1990fluctuations,
  title={{Fluctuations and anomalous transport in tokamaks}},
  author={Wootton, A. J. and Carreras, B. A. and Matsumoto, H. and McGuire, K. and Peebles, W. A. and Ritz, C.P. and Terry, P. W. and Zweben, S. J.},
  journal={Physics of Fluids B: Plasma Physics},
  volume={2},
  pages={2879},
  year={1990}
}

@article{carreras1997progress,
  title={{Progress in anomalous transport research in toroidal magneticconfinement devices}},
  author={Carreras, B.A.},
  journal={IEEE Trans. on Plasma Sci.},
  volume={25},
  number={6},
  pages={1281--1321},
  year={1997}
}

@article{wolf2003internal,
  title={{Internal transport barriers in tokamak plasmas*}},
  author={Wolf, R. C.},
  journal=PPCF,
  volume={45},
  pages={R1},
  year={2003},
  publisher={IOP Publishing}
}


@article{yuh2009internal,
  title={{Internal transport barriers in the National Spherical Torus Experiment}},
  author={Yuh, H. Y. and Levinton, F. M. and Bell, R. E. and Hosea, J. C. and Kaye, S. M. and LeBlanc, B. P. and Mazzucato, E. and Peterson, J. L. and Smith, D. R. and Candy, J. and others},
  journal=POP,
  volume={16},
  pages={056120},
  year={2009}
}

@article{buhmann2001radial,
  title={{Radial basis functions}},
  author={Buhmann, M.D.},
  journal={Acta Numerica},
  volume={9},
  pages={1--38},
  year={2001},
  publisher={Cambridge University Press}
}

@article{waltz1998shear,
  title={{Theory and simulation of rotational shear stabilization of turbulence}},
  author={Waltz, R. E. and Dewar, R. L. and Garbet, X.},
  journal=PoP,
  volume={5},
  pages={1784},
  year={1998}
}

@article{dimits2001parameter,
  title={{Parameter dependences of ion thermal transport due to toroidal ITG turbulence}},
  author={Dimits, A. M. and Cohen, B. I. and Nevins, W. M. and Shumaker, D. E.},
  journal=NF,
  volume={41},
  pages={1725},
  year={2001},
  publisher={IOP Publishing}
}


@article{casson2009anomalous,
  title={{Anomalous parallel momentum transport due to E$\times$ B flow shear in a tokamak plasma}},
  author={Casson, F. J. and Peeters, A. G. and Camenen, Y. and Hornsby, W. A. and Snodin, A. P. and Strintzi, D. and Szepesi, G.},
  journal=PoP,
  volume={16},
  pages={092303},
  year={2009}
}

@article{parra2010plausible,
  author={Parra, F. I. and Barnes, M. and Highcock, E. G. and Schekochihin, A. A. and Cowley, S. C.},
  title={Momentum injection in tokamak plasmas and transitions to reduced transport},
  journal=PRL, 
  volume=106,
  pages=115004,
  year={2011},
}

@article{parra2011momentum,
	  title = {Momentum Injection in Tokamak Plasmas and Transitions to Reduced Transport},
	  author = {Parra, F. I. and Barnes, M.  and Highcock, E. G. and Schekochihin, A. A. and Cowley, S. C.},
	  journal = PRL, 
	  volume = {106},
	  pages = {115004},
	  year = {2011},
}


@article{applegatevisualisations,
	author={Applegate, D.},
	title={GS2 Coordinate Transformation for Visualistations},
	journal={Unpublished},
	note={Copies available on request from W Dorland or E G Highcock}
}

@article{catto1987ion,
	  title={{Ion transport in toroidally rotating tokamak plasmas}},
	  author={Catto, P.J. and Bernstein, I.B. and Tessarotto, M.},
	  journal=PoF,
	  volume={30},
	  pages={2784},
	  year={1987}
}

@article{roach2008profiledb,
	  title={{The 2008 Public Release of the International Multi-tokamak Confinement Profile Database}},
	  author={Roach, C. M. and Walters, M. and Budny, R. V. and Imbeaux, F. and Fredian, T. W. and Greenwald, M. and Stillerman, J. A. and Alexander, D. A. and Carlsson, J. and Cary, J. R. and others},
	  journal=NF,
	  volume={48},
	  pages={125001},
	  year={2008},
	  publisher={IOP Publishing}
}

@article{taylor1996plasma,
	  title={{Plasma rotation and toroidal drift modes}},
	  author={Taylor, J. B. and Wilson, H. R.},
	  journal=PPCF,
	  volume={38},
	  pages={1999},
	  year={1996},
	  publisher={IOP Publishing}
}
@article{camenen2009impact,
	  title={{Impact of the background toroidal rotation on particle and heat turbulent transport in tokamak plasmas}},
	  author={Camenen, Y. and Peeters, A. G. and Angioni, C. and Casson, F. J. and Hornsby, W. A. and Snodin, A. P. and Strintzi, D.},
	  journal=PoP,
	  volume={16},
	  pages={012503},
	  year={2009}
}

@article{peeters2005linear,
	  title={{Linear gyrokinetic calculations of toroidal momentum transport in a tokamak due to the ion temperature gradient mode}},
	  author={Peeters, A. G. and Angioni, C.},
	  journal=PoP,
	  volume={12},
	  pages={072515},
	  year={2005}
}

@article{waltz1994toroidal,
	  title={{Toroidal gyro-Landau fluid model turbulence simulations in a nonlinear ballooning mode representation with radial modes}},
	  author={Waltz, R. E. and Kerbel, G. D. and Milovich, J.},
	  journal=PoP,
	  volume={1},
	  pages={2229},
	  year={1994}
}


@article{artun1993integral,
	  title={{Integral eigenmode analysis of shear flow effects on the ion temperature gradient mode}},
	  author={Artun, M. and Reynders, J. V. W. and Tang, W. M.},
	  journal={Physics of Fluids B: Plasma Physics},
	  volume={5},
	  pages={4072},
	  year={1993}
}

@article{solomon2006experimental,
	  title={{Experimental test of the neoclassical theory of impurity poloidal rotation in tokamaks}},
	  author={Solomon, W. M. and Burrell, K. H. and Andre, R. and Baylor, L. R. and Budny, R. and Gohil, P. and Groebner, R. J. and Holcomb, C. T. and Houlberg, W. A. and Wade, M. R.},
	  journal=PoP,
	  volume={13},
	  pages={056116},
	  year={2006}
}


@article{kruskal1958magnetic,
	author={Kruskal, M. D. and Kulsrud, R. M.},
	title={Equilibrium of a Magnetically Confined Plasma in a Toroid},
	journal=PoF,
	volume=1,
	pages=265,
	year=1958
}

@article{sagdeevITG,
	author={Rudakov, L. I. and Sagdeev, R. Z.},
	title={On the instability of a nonuniform rarefied plasma in a strong magnetic field},
	journal=DAN,
	volume=138,
	pages=581,
	year=1961,
	note={Translation: Soviet Phys. Doklady, {\textbf{6}}, 415 (1961)}
}

@article{coppiITG,
	author={Coppi, B. and Rosenbluth, M. N. and Sagdeev, R. Z.},
	title={Instabilities due to Temperature Gradients in Complex Magnetic Field Configurations},
	year=1967,
	journal=PFL,
	volume=10,
	pages=582
}

@article{hauff2008pop,
	author={Hauff, T. and Jenko, F.},
	title={Mechanisms and scalings of energetic ion transport via tokamak microturbulence},
	year=2008,
	journal=PoP,
	volume=15,
	pages=112307
}

@article{hauff2009prl,
	author={Hauff, T. and Jenko, F.},
	title={Electrostatic and magnetic transport of energetic ions in turbulent plasmas},
	journal=PRL,
	year=2009,
	volume=102,
	pages=075004
}

@article{berk1997ppr,
	author={Berk, H. and Breizman, B. N. and Pekker, M. S.},
	title={Nonlinear theory of Kinetic Instabilities near Threshold},
	journal=PPRep,
	year=1997,
	volume=23,
	pages=778
}

@article{fasoli1998prl-tae,
	title = {Nonlinear Splitting of Fast Particle Driven Waves in a Plasma: Observation and Theory},
	author = {Fasoli, A.  and Breizman, B. N. and Borba, D.  and Heeter, R. F. and Pekker, M. S. and Sharapov, S. E.},
	journal = PRL,
	volume = 81,
	pages = 5564,
	year = 1998,
}

@article{heeter2000chaotic,
	title = {Chaotic Regime of Alfv\'en Eigenmode Wave-Particle Interaction},
	author = {Heeter, R. F. and Fasoli, A. F. and Sharapov, S. E.},
	journal = PRL,
	volume = 85,
	pages = 3177,
	year = 2000,
}

@article{berk1996prl,
	title = {Nonlinear Dynamics of a Driven Mode near Marginal Stability},
	author = {Berk, H. L. and Breizman, B. N. and Pekker, M. },
	journal = PRL,
	volume = 76,
	pages = 1256,
	year = 1996
}

@article{barnes2010shear,
  title = {Shear flow suppression of turbulent transport and self-consistent profile evolution within a multi-scale gyrokinetic framework},
  author = {Barnes, M. and Parra, F. I. and Highcock, E. and Schekochihin, A. A. and Cowley, S. C. and Roach, C. M.},
  journal = {IAEA, Korea}, 
	url={http://www-pub.iaea.org/MTCD/meetings/PDFplus/2010/cn180/cn180_papers/thc_p4-01.pdf},
	note={Abstract THC/P4-01}, 
  year = {2010},
}
@inproceedings{field2004core,
	  title={Core heat transport in the MAST spherical tokamak},
	  author={Field, A. R. and Akers, R. J. and Applegate, D. J. and Brickley, C. and Carolan, P. G. and Challis, C. and Conway, N. J. and Cowley, S. C. and Cunningham, G. and Joiner, N. and others},
	  booktitle={Proc. 20th IAEA Fusion Energy Conf. on Fusion Energy 2004 (Vilamoura, 2004)},
		publisher={IAEA, Vienna},
	  year={2004}
}
  	
@article{hammett1993developments,
	  author={G. W. Hammett and M. A. Beer and W. Dorland and S. C. Cowley and S. A. Smith},
	  title={Developments in the gyrofluid approach to Tokamak turbulence simulations},
	  journal=PPCF,
	  volume={35},
	  pages={973},
	  year={1993}
}


@article{peeters2007toroidal,
	  title={{Toroidal momentum pinch velocity due to the coriolis drift effect on small scale instabilities in a toroidal plasma}},
	  author={Peeters, A. G. and Angioni, C. and Strintzi, D.},
	  journal=PRL,
	  volume={98},
	  pages={265003},
	  year={2007},
}

@article{crombe2005poloidal,
	  title={{Poloidal rotation dynamics, radial electric field, and neoclassical theory in the jet internal-transport-barrier region}},
	  author={Cromb{\'e}, K. and Andrew, Y. and Brix, M. and Giroud, C. and Hacquin, S. and Hawkes, N. C. and Murari, A. and Nave, M. F. F. and Ongena, J. and Parail, V. and others},
	  journal=PRL,
	  volume={95},
	  pages={155003},
	  issn={1079-7114},
	  year={2005},
	  publisher={APS}
}
@article{hastie1967equilibrium,
	title={Adiabatic Invariants and the Equilibrium of Magnetically Trapped Particles},
	author={Hastie, R. J. and Taylor, J. B. and Haas, F. A.},
	journal=AnnPh,
	volume=41,
	pages=302,
	year=1967
}

@article{kruskal1958gyration,
	title={The Gyration of a Charged Particle},
	journal={Project Matterhorn Report PM-S-33},
	url={http://www.pppl.gov/library/archive/reports/PM_S_33.pdf},
	author={M. Kruskal},
	year={1958},
}

@article{berkowitz1959asymptoticparticle,
	title={On the Asymptotic Series Expansion of the Motion of a Charged Particle in Slowly Varying Fields},
	author={J. Berkowitz and C. S. Gardner},
	journal=CPAM,
	volume=12,
	year=1959,
	pages=501,
}

@article{kruskal1962asymptotichamiltonian,
	title={Asymptotic Theory of Hamiltonian and other Systems with all Solutions Nearly Periodic},
	author={M. Kruskal},
	journal=JMP,
	volume=3,
	pages=806,
	year=1962
}

@article{kadomtsevpogutse,
	title={On trapped particle instabilities},
	author={B. B. Kadomtsev and O. P. Pogutse},
	year=1966,
	journal=ZhETF,
	volume=51,
	pages=1734,
}

@article{kadomtsevpogutseJETP,
	title={On trapped particle instabilities},
	author={B. B. Kadomtsev and O. P. Pogutse},
	year=1967,
	journal=JETP,
	volume=24,
	pages=1172,
}

@article{trefethen1993hydrodynamic,
	  title={{Hydrodynamic stability without eigenvalues}},
	  author={Trefethen, L. and Trefethen, A. and Reddy, S. and Driscoll, T.},
	  journal=Sci,
	  volume={261},
	  number={5121},
	  pages={578--584},
	  issn={0036-8075},
	  year={1993}
}

@article{helander2008rotatingstellarators,
	title={Intrinsic Ambipolarity and Rotation in Stellarators},
	author={P. Helander and A. N. Simakov},
	year=2008,
	journal=PRL,
	volume=101,
	pages=145003
}

@article{helander2007rotation,
	title={On rapid plasma rotation},
	author={P. Helander},
	journal=PoP,
	year=2007,
	volume=14,
	pages=104501
}


@article{waltz1997gyro,
	  title={{A gyro-Landau-fluid transport model}},
	  author={Waltz, R. E. and Staebler, G. M. and Dorland, W. and Hammett, G. W. and Kotschenreuther, M. and Konings, J. A.},
	  journal=PoP,
	  volume={4},
	  number={7},
	  pages={2482--2496},
	  issn={1070-664X},
	  year={1997},
	  publisher={Woodbury, NY: American Institute of Physics, c1994-}
}

@article{abel2008linearized,
	  title={{Linearized model Fokker--Planck collision operators for gyrokinetic simulations. I. Theory}},
	  author={Abel, I. G. and Barnes, M. and Cowley, S. C. and Dorland, W. and Schekochihin, A. A.},
	  journal=PoP,
	  volume={15},
	  pages={122509},
	  year={2008}
}

@article{camenen2009intrinsic,
	  title={{Intrinsic rotation driven by the electrostatic turbulence in up-down asymmetric toroidal plasmas}},
	  author={Camenen, Y. and Peeters, A. G. and Angioni, C. and Casson, F. J. and Hornsby, W. A. and Snodin, A. P. and Strintzi, D.},
	  journal=PoP,
	  volume={16},
	  pages={062501},
	  year={2009}
}

@article{waltz2007gyrokinetic,
	  title={{Gyrokinetic theory and simulation of angular momentum transport}},
	  author={Waltz, R. E. and Staebler, G. M. and Candy, J. and Hinton, F. L.},
	  journal=PoP,
	  volume={14},
	  pages={122507},
	  year={2007}
}

@article{dominguez1993anomalous,
	  title={{Anomalous momentum transport from drift wave turbulence}},
	  author={Dominguez, R. R. and Staebler, G. M.},
	  journal=PFB,
	  volume={5},
	  pages={3876},
	  year={1993}
}

@article{parra2011up,
  title={Up-down symmetry of the turbulent transport of toroidal angular momentum in tokamaks},
  author={Parra, F.I. and Barnes, M. and Peeters, A.G.},
  journal=PoP,
  volume={18},
  pages={062501},
  year={2011}
}


@article{krommes2002fundamental,
  title={{Fundamental statistical descriptions of plasma turbulence in magnetic fields}},
  author={Krommes, J. A.},
  journal=PRep,
  volume={360},
  number={1-4},
  pages={1--352},
  year={2002}
} 
 
@article{ccfewebsite,
	journal={http://www.ccfe.ac.uk/},
	title={{Culham Centre for Fusion Energy Website}},
	year={2011}
}
@article{uknationalstatistics,
	url={http://www.statistics.gov.uk/},
	title={{Energy consumption in the United Kingdom, 2011}},
	journal={UK National Statistics},
	year={2012}
}
@article{internationalenergyagency,
	url={http://www.iea.org/},
	title={Key World Energy Statistics 2010},
	journal={The International Energy Agency},
	year={2010}
}
@article{gyrokineticswebsite,
	author={Dorland, W. and Highcock, E. G. and  Barnes, M. and Hammett, G. W. and Colyer, G. and others},
	journal={http://gyrokinetics.sourceforge.net/},
	title={{Gyrokinetic Simulations Project}},
	url={{Gyrokinetic Simulations Project}},
	year={2009}
}

@article{parra2011sources,
	title={Sources of intrinsic rotation in the low flow ordering},
	author={Parra, F. I. and Barnes, M. A. and Catto, P. J.},
	journal=NF,
	volume=51,
	pages=113001,
	year=2011,
	url={http://arxiv.org/abs/1102.4613}
}

@article{bourdelle2007new,
	  title={{A new gyrokinetic quasilinear transport model applied to particle transport in tokamak plasmas}},
	  author={Bourdelle, C. and Garbet, X. and Imbeaux, F. and Casati, A. and Dubuit, N. and Guirlet, R. and Parisot, T.},
	  journal=PoP,
	  volume={14},
	  pages={112501},
	  year={2007}
}
@article{waltz2009gyrokinetic,
	  title={{Gyrokinetic simulation tests of quasilinear and tracer transport}},
	  author={Waltz, R. E. and Casati, A. and Staebler, G. M.},
	  journal=PoP,
	  volume={16},
	  pages={072303},
	  year={2009}
}
@article{drummond1964nonlinear,
	  title={{Nonlinear plasma oscillations* 1}},
	  author={Drummond, W. E. and Pines, D.},
	  journal=AnnPh,
	  volume={28},
	  number={3},
	  pages={478--499},
	  issn={0003-4916},
	  year={1964},
	  publisher={Elsevier}
}

@article{baggett1995mostly,
	  title={{A mostly linear model of transition to turbulence}},
	  author={Baggett, J.S. and Driscoll, T.A. and Trefethen, L.N.},
	  journal=PoF,
	  volume={7},
	  pages={833},
	  year={1995}
}

@article{sugama2009colentropy,
	author = {H. Sugama and T.-H. Watanabe and M. Nunami},
	title = {Linearized model collision operators for multiple ion species plasmas and gyrokinetic entropy balance equations},
	year = {2009},
	journal = PoP,
	volume = {16},
	pages = {112503},
}



@article{waltz1995advances,
	  title={{Advances in the simulation of toroidal gyro-Landau fluid model turbulence}},
	  author={Waltz, R. E. and Kerbel, G. D. and Milovich, J. and Hammett, G. W.},
	  journal=PoP,
	  volume={2},
	  pages={2408},
	  year={1995}
}

@article{barnes2011turbulent,
	  title={Turbulent transport in tokamak plasmas with rotational shear},
	  author={Barnes, M. and Parra, F. I. and Highcock, E. G. and Schekochihin, A. A. and Cowley, S. C. and Roach, C. M.},
	  journal=PRL,
	  volume={106},
	  number={17},
	  pages={175004},
	  year={2011},
	  publisher={APS}
}

@article{numata2010astrogk,
	  title={AstroGK: Astrophysical gyrokinetics code},
	  author={Numata, R. and Howes, G.G. and Tatsuno, T. and Barnes, M. and Dorland, W.},
	  journal=JCP,
	  year={2010},
		volume={229},
  	number={24},
 	 	pages={9347--9372},
	  publisher={Elsevier}
}

@article{beam1976implicit,
	  title={An implicit finite-difference algorithm for hyperbolic systems in conservation-law form},
	  author={Beam, R.M. and Warming, R. F.},
	  journal=JCP,
	  volume={22},
	  number={1},
	  pages={87--110},
	  year={1976},
	  publisher={Elsevier}
}

@book{belli2006studies,
	  title={Studies of numerical algorithms for gyrokinetics and the effects of shaping on plasma turbulence (Ph.D. Thesis)},
		  author={Belli, E.A.},
		  publisher={Ann Arbor},
		  year={2006}
}

@article{diiid-aug-hybrid,
  author={C. F. Maggi and R. J. Groebner and C. Angioni and T. Hein and L. D. Horton and C. Konz and A. W. Leonard and C. C. Petty and A. C. C. Sips and P. B. Snyder and J. Candy and R. E. Waltz and ASDEX Upgrade and DIII-D Teams},
  title={Pedestal and core confinement of hybrid scenario in ASDEX Upgrade and DIII-D},
  journal=NF,
  volume={50},
  number={2},
  pages={025023},
  year={2010},
}

@article{budny2002alphas,
  author={R. V. Budny},
  title={Fusion alpha parameters in tokamaks with high {DT} fusion rates},
  journal=NF,
  volume={42},
  number={12},
  pages={1383},
  year={2002},
}

@article{halpern:062505,
author = {F. D. Halpern and A. H. Kritz and G. Bateman and A. Y. Pankin and R. V. Budny and D. C. McCune},
title = {Predictive simulations of ITER including neutral beam driven toroidal rotation},
year = {2008},
journal = PoP,
volume = {15},
eid = {062505},
pages = {062505},
}

@article{LenardCollision,
	author={A. Lenard},
	title={On {Bogoliubov}'s Kinetic Equation for a Spatially Homogeneous Plasma},
	journal=AnnPh,
	volume= 10,
	pages=390,
	year=1960,
}

@article{PeetersGKE,
	author = {A. G. Peeters and  D. Strintzi and  Y. Camenen and  C. Angioni and  F. J. Casson and  W. A. Hornsby and A. P. Snodin},
	title = {Influence of the centrifugal force and parallel dynamics on the toroidal momentum transport due to small scale turbulence in a tokamak},
	year = 2009,
	volume = 16,
	pages = 042310,
	journal = PoP,
}

@article{felixIntrinsic2,
	title = {Scaling of spontaneous rotation with temperature and plasma current in tokamaks},
	author = {F. I. Parra and  M. F. F. Nave and A. A. Schekochihin and C. Giroud and J. S. de Grassie and J. H. F. Severo and P. de Vries and K.-D. Zastrow and JET-EFDA Contributors},
	volume = 108,
	pages = 095001,
	year = 2012,
	journal=PRL,
}

@article{BiglariDiamond,
	title = {Influence of sheared poloidal rotation on edge turbulence},
	author = {H. Biglari and P. H. Diamond and P. W. Terry},
	journal = PFB,
	volume = 2,
	pages = 1,
	year = 1990,
}

@article{TerryRMPSuppress,
	title = {Suppression of turbulence and transport by sheared flow},
	author = {P. W. Terry},
	journal = RMP,
	year = 2000,
	volume = 72,
	pages = 109,
}


@article{miller1998noncircular,
  title={Noncircular, finite aspect ratio, local equilibrium model},
  author={Miller, R. L. and Chu, M. S. and Greene, J. M. and Lin-Liu, Y. R. and Waltz, R. E.},
  journal=PoP,
  volume={5},
  pages={973},
  year={1998}
}

@article{greene1981second,
  title={The second region of stability against ballooning modes},
  author={Greene, J. M. and Chance, M. S.},
  journal=NF,
  volume={21},
  pages={453},
  year={1981},
  publisher={IOP Publishing}
}

@article{kruskal1958equilibrium,
  title={Equilibrium of a magnetically confined plasma in a toroid},
  author={Kruskal, M.D. and Kulsrud, R. M.},
  journal=PoF,
  volume={1},
  pages={265},
  year={1958}
}

@article{vries2008effect,
  title={Effect of toroidal field ripple on plasma rotation in {JET}},
  author={De Vries, P. C. and Salmi, A. and Parail, V. and Giroud, C. and Andrew, Y. and Biewer, T.M. and Cromb{\'e}, K. and Jenkins, I. and Johnson, T. and Kiptily, V. and others},
  journal=NF,
  volume={48},
  pages={035007},
  year={2008},
  publisher={IOP Publishing}
}

@article{highcock2011transport,
  title={Transport bifurcation induced by sheared toroidal flow in tokamak plasmas},
  author={Highcock, E. G. and Barnes, M. and Parra, F. I. and Schekochihin, A. A. and Roach, C. M. and Cowley, S. C.},
  journal=PoP,
  volume={18},
  pages={102304},
  year={2011}
}

@book{alexandroff1935topologie,
  title={Topologie: Vol.: 1},
  author={Alexandroff, P. and Hopf, H.},
  year={1935},
  publisher={Jul. Springer}
}



@article{ongena2010prospects,
  title={Prospects for fusion power},
  author={Ongena, J. and Van Oost, G.},
  journal=TFST,
  volume={41},
  number={2T},
  pages={3--15},
  year={2010},
  publisher={American Nuclear Society, Inc.}
}
@article{rebhan2002thermonuclear,
  title={Thermonuclear burn criteria},
  author={Rebhan, E. and Van Oost, G.},
  journal=TFST,
  volume={41},
  number={2T},
  pages={16--26},
  year={2010},
  publisher={American Nuclear Society, Inc.}
}
@article{blank2010guiding,
  title={Guiding Centre Motion},
  author={de Blank, H. J.},
  journal=TFST,
  volume={41},
  number={2T},
  pages={61--68},
  year={2010},
  publisher={American Nuclear Society, Inc.}
}

@inproceedings{todd1993build,
  title={How to build a tokamak},
  author={Todd, T. N.},
  booktitle={Plasma Physics: an Introductory Course},
  volume={1},
  pages={443},
  year={1993}
}
@inproceedings{hastie1993plasma,
  title={Plasma Particle Dynamics},
  author={Hastie, R. J.},
  booktitle={Plasma Physics: an Introductory Course},
  volume={1},
  pages={5},
  year={1993}
}

@article{maisonnier2007power,
  title={Power plant conceptual studies in {Europe}},
  author={Maisonnier, D. and Campbell, D. and Cook, I. and Di Pace, L. and Giancarli, L. and Hayward, J. and Li Puma, A. and Medrano, M. and Norajitra, P. and Roccella, M. and others},
  journal=NF,
  volume={47},
  pages={1524},
  year={2007},
  publisher={IOP Publishing}
}

@article{hirsch2008major,
  title={Major results from the stellarator {Wendelstein 7-AS}},
  author={Hirsch, M. and Baldzuhn, J. and Beidler, C. and Brakel, R. and Burhenn, R. and Dinklage, A. and Ehmler, H. and Endler, M. and Erckmann, V. and Feng, Y. and others},
  journal=PPCF,
  volume={50},
  pages={053001},
  year={2008},
  publisher={IOP Publishing}
}

@article{motojima2003recent,
  title={Recent advances in the {LHD} experiment},
  author={Motojima, O. and Ohyabu, N. and Komori, A. and Kaneko, O. and Yamada, H. and Kawahata, K. and Nakamura, Y. and Ida, K. and Akiyama, T. and Ashikawa, N. and others},
  journal=NF,
  volume={43},
  pages={1674},
  year={2003},
  publisher={IOP Publishing}
}

@book{wesson2004tokamaks,
  title={Tokamaks},
  author={Wesson, J.},
  year={2004},
  publisher={Oxford University Press}
}


@article{cook2001safety,
  title={Safety and environmental impact of fusion},
  author={Cook, I. and Marbach, G. and Di Pace, L. and Girard, C. and Taylor, N. P.},
  journal={European Fusion Development Agreement (EFDA) Report EFDA-S-RE-1. EUR (01) CCE-FU$\backslash$ FTC},
  volume={8},
  number={5},
  year={2001}
}


@article{colas1998internal,
  title={Internal magnetic fluctuations and electron heat transport in the {Tore Supra} tokamak: Observation by cross-polarization scattering},
  author={Colas, L. and Zou, X. L. and Paume, M. and Chareau, J. M. and Guiziou, L. and Hoang, G. T. and Michelot, Y. and Gresillon, D.},
  journal=NF,
  volume={38},
  pages={903},
  year={1998},
  publisher={IOP Publishing}
}


@article{wagner1984development,
  title={Development of an edge transport barrier at the {H-mode} transition of {ASDEX}},
  author={Wagner, F. and Fussmann, G. and Grave, T. and Keilhacker, M. and Kornherr, M. and Lackner, K. and McCormick, K. and M{\"u}ller, E. R. and St{\"a}bler, A. and Becker, G. and others},
  journal=PRL,
  volume={53},
  number={15},
  pages={1453--1456},
  year={1984}
}

@article{putterich2009evidence,
  title={Evidence for Strong Inversed Shear of Toroidal Rotation at the Edge-Transport Barrier in the {ASDEX Upgrade}},
  author={P{\"u}tterich, T. and Wolfrum, E. and Dux, R. and Maggi, C. F.},
  journal=PRL,
  volume={102},
  number={2},
  pages={25001},
  year={2009},
  publisher={APS}
}

@article{synakowski1999comparative,
  title={Comparative studies of core and edge transport barrier dynamics of {DIII-D and TFTR} tokamak plasmas},
  author={Synakowski, E. J. and Beer, M. A. and Bell, R. E. and Burrell, K. H. and Carreras, B. A. and Diamond, P. H. and Doyle, E. J. and Ernst, D. and Fonck, R. J. and Gohil, P. and others},
  journal=NF,
  volume={39},
  pages={1733},
  year={1999},
  publisher={IOP Publishing}
}

@article{oost2003turbulent,
  title={Turbulent transport reduction by {E$\times$ B} velocity shear during edge plasma biasing: recent experimental results},
  author={Oost, G.V. and Ad{\'a}mek, J. and Antoni, V. and Balan, P. and Boedo, J. A. and Devynck, P. and {\v{D}}uran, I. and Eliseev, L. and Gunn, J. P. and Hron, M. and others},
  journal=PPCF,
  volume={45},
  pages={621},
  year={2003},
  publisher={IOP Publishing}
}

@article{synakowski1997local,
  title={Local transport barrier formation and relaxation in reverse-shear plasmas on the {Tokamak Fusion Test Reactor}},
  author={Synakowski, E. J. and Batha, S. H. and Beer, M. A. and Bell, M. G. and Bell, R. E. and Budny, R. V. and Bush, C. E. and Efthimion, P. C. and Hahm, T. S. and Hammett, G. W. and others},
  journal=PoP,
  volume={4},
  pages={1736},
  year={1997}
}


@article{sips1998operation,
  title={Operation at high performance in optimized shear plasmas in {JET}},
  author={Sips, A. C. C. and Baranov, Y. and Challis, C. D. and Cottrell, G. A. and Eriksson, L. G. and Gormezano, C. and Gowers, C. and Greenfield, C. M. and Haas, J.C.M. and Hellerman, M. and others},
  journal=PPCF,
  volume={40},
  pages={1171},
  year={1998},
  publisher={IOP Publishing}
}


@article{wagner1984regime,
  volume = {49},
  journal = PRL,
  author = {Wagner, F. and Becker, G. and Behringer, K. and Campbell, D. and Eberhagen, A. and Engelhardt, W. and Fussmann, G. and Gehre, O. and Gernhardt, J. and Gierke, G. v. and others},
  month = {Nov},
  url = {http://link.aps.org/doi/10.1103/PhysRevLett.49.1408},
  doi = {10.1103/PhysRevLett.49.1408},
  year = {1982},
  title = {Regime of Improved Confinement and High Beta in Neutral-Beam-Heated Divertor Discharges of the ASDEX Tokamak},
  issue = {19},
  publisher = {American Physical Society},
  pages = {1408--1412}
}

@article{akers2003transport,
  title={Transport and confinement in the {Mega Amp{\`e}re Spherical Tokamak (MAST)} plasma},
  author={Akers, R. J. and Ahn, J. W. and Antar, G. Y. and Appel, L. C. and Applegate, D. and Brickley, C. and Bunting, C. and Carolan, P. G. and Challis, C. D. and Conway, N. J. and others},
  journal=PPCF,
  volume={45},
  pages={A175},
  year={2003},
  publisher={IOP Publishing}
}

@article{kerswell2005recent,
  title={Recent progress in understanding the transition to turbulence in a pipe},
  author={Kerswell, R. R.},
  journal=Nl,
  volume={18},
  pages={R17},
  year={2005},
  publisher={IOP Publishing}
}

@article{barnes2011critically,
  title={Critically balanced ion temperature gradient turbulence in fusion plasmas},
  author={Barnes, M. and Parra, F. I. and Schekochihin, A. A.},
  journal=PRL,
  volume={107},
  number={11},
  pages={115003},
  year={2011},
  publisher={APS}
}

@book{hazeltine2003plasma,
  title={Plasma confinement},
  author={Hazeltine, R.D. and Meiss, J.D.},
  year={2003},
  publisher={Dover Pubns}
}


@article{mantica2011ion,
  title={Ion heat transport studies in {JET}},
  author={Mantica, P. and Angioni, C. and Baiocchi, B. and Baruzzo, M. and Beurskens, M. N. A. and Bizarro, J. P. S. and Budny, R. V. and Buratti, P. and Casati, A. and Challis, C. and others},
  journal=PPCF,
  volume={53},
  pages={124033},
  year={2011},
  publisher={IOP Publishing}
}


@article{field2011plasma,
  title={Plasma rotation and transport in MAST spherical tokamak},
  author={Field, A. R. and Michael, C. and Akers, R. J. and Candy, J. and Colyer, G. and Guttenfelder, W. and Ghim, Y. and Roach, C. M. and Saarelma, S.},
  journal=NF,
  volume={51},
  pages={063006},
  year={2011},
  publisher={IOP Publishing}
}

@article{petty1999dependence,
  volume = {83},
  journal = PRL,
  author = {Petty, C. C. and Wade, M. R. and Kinsey, J. E. and Groebner, R. J. and Luce, T. C. and Staebler, G. M.},
  month = {Nov},
  doi = {10.1103/PhysRevLett.83.3661},
  year = {1999},
  title = {Dependence of Heat and Particle Transport on the Ratio of the Ion and Electron Temperatures},
  issue = {18},
  publisher = {American Physical Society},
  pages = {3661--3664}
}

@article{team1999alpha,
  title={Alpha particle studies during {JET DT} experiments},
  author={{The JET Team}},
  journal={Nucl. Fusion},
  volume={39},
  number={11},
  pages={1619--1625},
  year={1999}
}

@article{barnes2010direct,
  title={Direct multiscale coupling of a transport code to gyrokinetic turbulence codes},
  author={Barnes, M. and Abel, I. G. and Dorland, W. and G{\"o}rler, T. and Hammett, G. W. and Jenko, F.},
  journal=PoP,
  volume={17},
  pages={056109},
  year={2010}
}

@article{casson2010gyrokinetic,
  title={Gyrokinetic simulations including the centrifugal force in a rotating tokamak plasma},
  author={Casson, F.J. and Peeters, A. G. and Angioni, C. and Camenen, Y. and Hornsby, W. A. and Snodin, A. P. and Szepesi, G.},
  journal=PoP,
  volume={17},
  pages={102305},
  year={2010}
}


@article{galambos1995commercial,
  title={Commercial tokamak reactor potential with advanced tokamak operation},
  author={Galambos, J. D. and Perkins, L. J. and Haney, S. W. and Mandrekas, J.},
  journal=NF,
  volume={35},
  pages={551},
  year={1995},
  publisher={IOP Publishing}
}

@article{lapillonne2009clarifications,
  title={Clarifications to the limitations of the s-$\alpha$ equilibrium model for gyrokinetic computations of turbulence},
  author={Lapillonne, X. and Brunner, S. and Dannert, T. and Jolliet, S. and Marinoni, A. and Villard, L. and G{\"o}rler, T. and Jenko, F. and Merz, F.},
  journal=PoP,
  volume={16},
  pages={032308},
  year={2009}
}

@article{platzman1960spectral,
  title={The Spectral Form of the Vorticity Equation.},
  author={Platzman, G.W.},
  journal=JAS,
  volume={17},
  pages={635--644},
  year={1960}
}

@article{orszag1970transform,
  title={Transform Method for the Calculation of Vector-Coupled Sums: Application to the Spectral Form of the Vorticity Equation.},
  author={Orszag, S.A.},
  journal=JAS,
  volume={27},
  pages={890--895},
  year={1970}
}

@article{horton1980fluid,
  title={Fluid simulation of ion pressure gradient driven drift modes},
  author={Horton, W. and Estes, R. D.},
  journal=PP,
  volume={22},
  pages={663},
  year={1980},
  publisher={IOP Publishing}
}

@phdthesis{beer1995gyrofluid,
  title={Gyrofluid models of turbulent transport in tokamaks},
  author={Beer, M.A.},
  year={1995},
  school={Princeton University}
}

@phdthesis{dorland1993gyrofluid,
  title={Gyrofluid models of plasma turbulence},
  author={Dorland, W.D.},
  year={1993},
  school={Princeton University}
}

@article{fonck1989ion,
  title={Ion thermal confinement in the enhanced-confinement regime of the {TFTR} tokamak},
  author={Fonck, R. J. and Howell, R. and Jaehnig, K. and Roquemore, L. and Schilling, G. and Scott, S. and Zarnstorff, M. C. and Bush, C. and Goldston, R. and Hsuan, H. and others},
  journal=PRL,
  volume={63},
  number={5},
  pages={520--523},
  year={1989},
  publisher={APS}
}

@article{kotschenreuther1995quantitative,
  title={Quantitative predictions of tokamak energy confinement from first-principles simulations with kinetic effects},
  author={Kotschenreuther, M. and Dorland, W. and Beer, M. A. and Hammett, G. W.},
  journal=PoP,
  volume={2},
  pages={2381},
  year={1995}
}

@article{dannert2005gyrokinetic,
  title={Gyrokinetic simulation of collisionless trapped-electron mode turbulence},
  author={Dannert, T. and Jenko, F.},
  journal=PoP,
  volume={12},
  pages={072309},
  year={2005}
}

@article{waltz1988three,
  title={Three-dimensional global numerical simulation of ion temperature gradient mode turbulence},
  author={Waltz, R. E.},
  journal=PoF,
  volume={31},
  pages={1962},
  year={1988}
}

@article{jenko2001nonlinear,
  title={Nonlinear electromagnetic gyrokinetic simulations of tokamak plasmas},
  author={Jenko, F. and Dorland, W.},
  journal=PPCF,
  volume={43},
  pages={A141},
  year={2001},
  publisher={IOP Publishing}
}

@article{gorler2011global,
  title={The global version of the gyrokinetic turbulence code {GENE}},
  author={G{\"o}rler, T. and Lapillonne, X. and Brunner, S. and Dannert, T. and Jenko, F. and Merz, F. and Told, D.},
  journal=JCP,
  year={2011},
  publisher={Elsevier}
}

@inproceedings{fahey2004gyro,
  title={{GYRO}: A 5-d gyrokinetic-{Maxwell} solver},
  author={Fahey, M.R. and Candy, J.},
  booktitle={Proceedings of the 2004 ACM/IEEE conference on Supercomputing},
  pages={26},
  year={2004},
  organization={IEEE Computer Society}
}

@article{candy2003eulerian,
  title={An {Eulerian} gyrokinetic-{Maxwell} solver},
  author={Candy, J. and Waltz, R. E.},
  journal=JCP,
  volume={186},
  number={2},
  pages={545--581},
  year={2003},
  publisher={Elsevier}
}

@article{highcock2012zero,
   author = {{Highcock}, E.~G. and {Schekochihin}, A.~A. and {Cowley}, S.~C. and {Barnes}, M. and {Parra}, F.~I. and {Roach}, C.~M. and {Dorland}, W.  },
    title = {Zero-Turbulence Manifold in a Toroidal Plasma},
  journal = {Phys. Rev. Lett., submitted},
	note={arXiv-eprint 1203.6455},
archivePrefix = "arXiv",
   eprint = {1203.6455},
     year = 2012,
}


@article{AlexPVG,
	title = {Subcritical fluctuations and  Suppression of turbulence in differentially rotating gyrokinetic plasmas},
	author = {A. A. Schekochihin and E. G. Highcock and S. C. Cowley},
	journal = PPCF,
	volume = 54,
	pages = 055011,
	year = 2012,
}

@article{ParallelNonlinearity,
	title = {Relevance of the parallel nonlinearity in gyrokinetic simulations of tokamak plasmas},
	author = {J. Candy and R. E. Waltz},
	journal = PoP,
	volume = 13,
	pages = 074501,
	year = 2006,
}

@article{hinton:102301,
	author = {F. L. Hinton and R. E. Waltz},
	title = {Gyrokinetic turbulent heating},
	year = {2006},
	journal = PoP,
	volume = 13,
	pages = {102301},
}

@article{parracalvo2011,
	author = {F. I. Parra and I. Calvo},
	journal = PPCF,
	volume = 53,
	year = 2011,
	pages = 045001,
}

@book{felixPhD,
	author = {F. I. Parra},
	year = 2008,
	title = {Ph. D. Thesis (MIT)},
}

@article{dannert:072309,
	author = {T. Dannert and F. Jenko},
	title = {Gyrokinetic simulation of collisionless trapped-electron mode turbulence},
	year = {2005},
	journal = PoP,
	volume = {12},
	pages = {072309}
}

@book{SusEnHotAir,
	author = {D. J. C. Mackay},
	title = {{Sustainable Energy Without the Hot Air}},
	year = 2008,
	url = {http://www.withouthotair.com/},
}

@article{PhysRev.55.434,
	author = {Bethe, H. A.},
	year = 1939,
	pages = {434},
	title = {Energy Production in Stars},
	volume = 55,
	journal = PhysRev,
}

@article{AtkinsonHoutermans,
	author = {Atkinson, R. D'E., Houtermans, F. G.},
	title = {Transmutation of the Lighter Elements in Stars},
	journal = Nature,
	year = 1929,
	volume = 123,
	pages=567,
}

;	note={\href{http://arxiv.org/abs/1203.6455}{arXiv:1203.6455}},

@inproceedings{kruskal1960asymptotology,
	title={Asymptotology},
	booktitle={Proceedings of the Conference on Mathematical Models in Physical Sciences},
	author={M. Kruskal},
	year=1963,
	pages=17,
	publisher={Prentice-Hall, NJ},
	note={\href{http://w3.pppl.gov/~hammett/work/2009/Kruskal62_Asymptotology_MATT160_ocr.pdf}{electronic version}}
}

@article{garbet2010gyrokinetic,
	title={Gyrokinetic simulations of turbulent transport},
	author={X. Garbet and Y. Idomura and L. Villard and T. H. Watanabe},
	year=2010,
	journal=NF,
	volume=50,
	pages=043002
}

@article{gohil2008dependence,
  author={P Gohil and G R McKee and D Schlossberg and L Schmitz and G Wang},
  title={Dependence of the {H}-mode power threshold on toroidal plasma rotation in the {DIII-D} tokamak},
  journal=JPConfSer,
  volume=123,
  pages=012017,
  url={http://stacks.iop.org/1742-6596/123/i=1/a=012017},
  year=2008,
}

@book{deGrootMazur,
	author = {S. R. de Groot and P. Mazur},
	title = {Non-Equilibrium Thermodynamics},
	publisher={Dover, New York},
	year=1984,
}

@article{barnesVspace,
	author = {M. A. Barnes and W. Dorland and T. Tatsuno},
	title = {Resolving velocity space dynamics in continuum gyrokinetics},
	journal = PoP,
	volume = 17,
	pages = 032106,
	year = 2010,
}

@article{burby2012,
	author = {J. W. Burby and H. Qin},
	title = {Gyrosymmetry: Global considerations},
	journal = PoP,
	volume = 19,
	pages = 052106,
	year = 2012,
}

@article{fu1989excitation,
	journal = PFB,
	year = 1989,
	volume = 1,
	title = {Excitation of the toroidicity‐induced shear {Alfvén} eigenmode by fusion alpha particles in an ignited tokamak},
	author = {G. Y. Fu and Van Dam, J. W. },
	pages= 1949,
}

@article{testa2012anomalous,
	author={D. Testa and M. Albergante},
	journal=NF,
	year=2012,
	volume=52,
	pages=083010,
	title={A phenomenological explanation for the anomalous ion heating observed in the JET alpha-heating experiment of 1997},
}

@article{estradamila2006turbulent,
	author = {C. Estrada-Mila and J. Candy and R. E. Waltz},
	title = {Turbulent transport of alpha particles in reactor plasmas},
	year = {2006},
	journal = PoP,
	volume = 13,
	pages = {112303},
}

@article{barnesMinority,
	title = {Turbulent transport and heating of trace heavy ions in hot, magnetized plasmas},
	author = {M. A. Barnes and F. I. Parra and W. Dorland},
	year={2012},
	journal = PRL,
	volume = 109,
	pages = 185003,
}

@article{parra2010momtrans,
  author={F. I. Parra and P. J. Catto},
  title={Turbulent transport of toroidal angular momentum in low flow gyrokinetics},
  journal=PPCF,
  volume={52},
  pages={045004},
  year={2010},
}

@techreport{pppl3147,
	author={D. W. Johnson and V. Arunasalam and C. W. Barnes and S. H. Batha and G. Bateman and M. Beer and M. G. Bell and R. Bell and M. Bitter and N. L. Bretz and R. Budny and C. E. Bush and S. Cauffman and C. S. Chang and Z. Chang and C. Z. Cheng and D. S. Darrow and R. Dendy and W. Dorland and H. H. Duong and R. Durst and P. C. Efthimion and D. Ernst and H. Evenson and N. Fisch and R. Fisher and R. J. Fonck and E. Fredrickson and G. Y. Fu and T. Fujita and H. P. Furth and N. Gorelenkov and B. Grek and L. R. Grisham and G. Hammett and R. J. Hawryluk and W. Heidbrink and H. W. Herrmann and K. W. Hill and J. Hosea and H. Hsuan and M. Hughes and A. Janos and D. L. Jassby and F. C. Jobes and L. C. Johnson and J. Kamperschroer and J. Kesner and M. Kotschenreuther and H. Kugel and P. H. LaMarche and B. LeBlanc and F. M. Levinton and J. Machuzak and R. Majeski and D. K. Mansfield and E. S. Marmar and E. Mazzucato and M. Mauel and J. McChesney and K. M. McGuire and G. McKee and D. M. Meade and S. S. Medley and D. R. Mikkelsen and S. V. Mirnov and D. Mueller and R. Nazikian and M. Osakabe and D. K. Owens and H. Park and W. Park and P. Parks and S. F. Paul and M. Petrov and C. K. Phillips and M. Phillips and A. L. Qualls and A. Ramsey and M. H. Redi and G. Rewoldt and D. Roberts and J. Rogers and A. L. Roquemore and E. Ruskov and S. A. Sabbagh and M. Sasao and G. Schilling and J. Schivell and G. L. Schmidt and S. D. Scott and I. Semenov and S. Sesnic and C. H. Skinner and D. Spong and B. C. Stratton and J. D. Strachan and W. Stodiek and E. Synakowski and H. Takahashi and W. Tang and G. Taylor and J. Terry and W. Tighe and J. R. Timberlake and A. von Halle and S. von Goeler and R. White and J. R. Wilson and K. L. Wong and G. A. Wurden and K. M. Young and M. C. Zarnstorff and S. J. Zweben},
	title={Recent {D-T} Results on {TFTR}},
	institution={Princeton Plasma Physics Laboratory},
	number={PPPL-3147},
	year={1995}
}

@article{abel2009rsae,
	author = {I. G. Abel and B. N. Breizman and S. E. Sharapov and JET-EFDA Contributors},
	title = {Resonant excitation of shear {Alfv\'en} perturbations by trapped energetic ions in a tokamak},
	year = 2009,
	journal = PoP,
	volume = 16,
	pages = 102506,
	url = {http://link.aip.org/link/?PHP/16/102506/1},
}

@article{hahmChen3Wave,
	title = {Nonlinear Saturation of Toroidal Alfv\'en Eigenmodes via Ion Compton Scattering},
	author = {Hahm, T. S. and Chen, L.},
	journal = PRL,
	volume = 74,
	pages = {266},
	year = 1995,
	url = {http://link.aps.org/doi/10.1103/PhysRevLett.74.266},
}

@article{zoncaSaturation,
	title = {Nonlinear Saturation of Toroidal Alfv\'en Eigenmodes},
	author = {Zonca, F. and Romanelli, F. and Vlad, G. and Kar, C.},
	journal = PRL,
	volume = 74,
	pages = 698,
	year = 1995,
	url = {http://link.aps.org/doi/10.1103/PhysRevLett.74.698},
}

@article{hsu1989,
	author = {C. T. Hsu and P. J. Catto and D. J. Sigmar},
	title = {Neoclassical transport of isotropic fast ions},
	year = 1990,
	journal = PFB,
	volume = 2,
	pages = 280,
	url = {http://link.aip.org/link/?PFB/2/280/1}
}

@article{hsuBootstrap,
	author = {C. T. Hsu and K. C. Shaing and R. P. Gormley and D. J. Sigmar},
	title = {Bootstrap current induced by fusion born alpha particles},
	year = 1992,
	journal = PFB,
	volume = 4,
	pages = 4023,
	url = {http://link.aip.org/link/?PFB/4/4023/1},
}

@article{hirshman:1238,
	author = {S. P. Hirshman},
	title = {Classical collisional theory of beam-driven plasma currents},
	year = 1980,
	journal = PFL,
	volume = 23,
	pages = 1238,
	url = {http://link.aip.org/link/?PFL/23/1238/1},
}

@article{hasegawa1976kinetic,
	title={Kinetic processes in plasma heating by resonant mode conversion of Alfv{\'e}n wave},
	author = {A. Hasegawa and L. Chen},
	journal=PFL,
	year=1976,
	volume=19,
	pages=1924
}

@article{alexWeakAlfven,
	title = {Weak Alfv{\'e}n-wave turbulence revisited},
	author = {Schekochihin, A. A. and Nazarenko, S. V. and Yousef, T. A.},
	journal = PRE,
	volume = 85,
	pages = 036406,
	year = 2012,
}

@article{goldreichTurb,
	author = {P. Goldreich and S. Sridhar},
	year=1997,
	journal=ApJ,
	volume=485,
	pages=680,
	title={Magnetohydrodynamic Turbulence Revisited}
}

@article{youngchul2012,
title={Experimental Signatures of Critically Balanced Turbulence in {MAST}},
author={Y.-c. Ghim and A. A. Schekochihin and A. R. Field and I. G. Abel and M. Barnes and G. Colyer and S. C. Cowley and F. I. Parra and D. Dunai and S. Zoletnik and the MAST Team},
year=2013,
journal={Phys. Rev. Lett., in press},
note={\href{http://arxiv.org/abs/1208.5970}{arXiv:1208.5970}},
}

@article{prldimits2008,
	title = {Dimits Shift in Realistic Gyrokinetic Plasma-Turbulence Simulations},
	author = {Mikkelsen, D. R. and Dorland, W.},
	journal = PRL,
	volume = 101,
	pages = 135003,
	year = 2008,
	doi = {10.1103/PhysRevLett.101.135003},
}

@article{tftrITBPRL,
	title = {Roles of Electric Field Shear and Shafranov Shift in Sustaining High Confinement in Enhanced Reversed Shear Plasmas on the TFTR Tokamak},
	author = {Synakowski, E. J. and Batha, S. H. and Beer, M. A. and Bell, M. G. and Bell, R. E. and Budny, R. V. and Bush, C. E. and Efthimion, P. C. and Hammett, G. W. and Hahm, T. S. and LeBlanc, B. and Levinton, F. and Mazzucato, E. and Park, H. and Ramsey, A. T. and Rewoldt, G. and Scott, S. D. and Schmidt, G. and Tang, W. M. and Taylor, G. and Zarnstorff, M. C.},
	journal = PRL,
	volume = 78,
	pages = 2972,
	year = 1997,
	doi = {10.1103/PhysRevLett.78.2972},
}

@article{wang:056111,
	author = {E. Wang and W. M. Nevins and J. Candy and D. Hatch and P. Terry and W. Guttenfelder},
	title = {Electron heat transport from stochastic fields in gyrokinetic simulations},
	year = {2011},
	journal = PoP,
	volume = 18,
	pages = {056111},
}

@article{nevins2011stochasticity,
	title = {Magnetic Stochasticity in Gyrokinetic Simulations of Plasma Microturbulence},
	author = {Nevins, W. M. and Wang, E. and Candy, J.},
	journal = PRL,
	volume = 106,
	pages = 065003,
	year = {2011},
}

@article{sharmaCollisionless,
  author={P. Sharma and G. W. Hammett and E. Quataert and J. M. Stone},
  title={Shearing Box Simulations of the MRI in a Collisionless Plasma},
  journal=ApJ,
  volume={637},
  pages={952},
  year={2006},
}

@article{alexGalaxyClusters,
  author={A. A. Schekochihin and S. C. Cowley and R. M. Kulsrud and G. W. Hammett and P. Sharma},
  title={Plasma Instabilities and Magnetic Field Growth in Clusters of Galaxies},
  journal=ApJ,
  volume={629},
  pages={139},
  year=2005,
}

@article{gorler2008multiscale,
	title = {Scale Separation between Electron and Ion Thermal Transport},
	author = {G{\"o}rler, T. and Jenko, F.},
	journal = PRL,
	volume = 100,
	issue = 18,
	pages = 185002,
}

@article{waltz:056116,
	author = {R. E. Waltz and J. Candy and M. Fahey},
	title = {Coupled ion temperature gradient and trapped electron mode to electron temperature gradient mode gyrokinetic simulations},
	year = 2007,
	journal = PoP,
	volume = 14
}

@article{pueschel:102310,
	author = {M. J. Pueschel and M. Kammerer and F. Jenko},
	title = {Gyrokinetic turbulence simulations at high plasma beta},
	year = {2008},
	journal = PoP,
	volume = {15},
	pages = {102310},
}


@article{pueschel:062307,
	author = {M. J. Pueschel and F. Jenko},
	title = {Transport properties of finite-beta microturbulence},
	year = {2010},
	journal = PoP,
	volume = {17},
	pages = {062307},
}

@article{weilandEM-ITG,
  author={J. Weiland and A. Hirose},
  title={Electromagnetic and kinetic effects on the ion temperature gradient mode},
  journal=NF,
  volume={32},
  pages={151},
  year={1992},
}

@article{kessel1994negativeshear,
	title = {Improved plasma performance in tokamaks with negative magnetic shear},
	author = {Kessel, C. and Manickam, J. and Rewoldt, G. and Tang, W. M.},
	journal = PRL,
	volume = 72,
	pages = 1212,
	year = {1994},
}

@article{dong:3065,
	author = {J. Q. Dong and Y. Z. Zhang and S. M. Mahajan and P. N. Guzdar},
	title = {Study of microinstabilities in toroidal plasmas with negative magnetic shear},
	year = 1996,
	journal = PoP,
	volume = {3},
	pages = 3065,
}

@article{doerk2011microtearing,
	title = {Gyrokinetic Microtearing Turbulence},
	author = {Doerk, H. and Jenko, F. and Pueschel, M. J. and Hatch, D. R.},
	journal = PRL,
	volume = 106,
	pages = 155003,
	year = 2011,
}

@article{guttenfelder2011electromagnetic,
	title = {Electromagnetic Transport from Microtearing Mode Turbulence},
	author = {Guttenfelder, W. and Candy, J. and Kaye, S. M. and Nevins, W. M. and Wang, E. and Bell, R. E. and Hammett, G. W. and LeBlanc, B. P. and Mikkelsen, D. R. and Yuh, H.},
	journal = PRL,
	volume = 106,
	pages = 155004,
	year = 2011,
}

@article{guttenfelder:056119,
	author = {W. Guttenfelder and J. Candy and S. M. Kaye and W. M. Nevins and E. Wang and J. Zhang and R. E. Bell and N. A. Crocker and G. W. Hammett and B. P. LeBlanc and D. R. Mikkelsen and Y. Ren and H. Yuh},
	title = {Simulation of microtearing turbulence in national spherical torus experiment},
	year = 2012,
	journal = PoP,
	volume = 19,
	pages = 056119,
}


@article{hatch2012stochasticity,
	title = {Origin of Magnetic Stochasticity and Transport in Plasma Microturbulence},
	author = {Hatch, D. R. and Pueschel, M. J. and Jenko, F. and Nevins, W. M. and Terry, P. W. and Doerk, H.},
	journal = PRL,
	volume = 108,
	pages = 235002,
	year = 2012,
}

@article{hahmSpreading,
  author={T. S. Hahm and P. H. Diamond and Z. Lin and K. Itoh and S.-I. Itoh},
  title={Turbulence spreading into the linearly stable zone and transport scaling},
  journal=PPCF,
  volume={46},
  pages={A323},
  year={2004},
}

@article{garbetSpreading,
  author={X. Garbet and L. Laurent and A. Samain and J. Chinardet},
  title={Radial propagation of turbulence in tokamaks},
  journal=NF,
  volume={34},
  pages={963},
  year={1994},
}

@article{naulin:122306,
author = {V. Naulin and A. H. Nielsen and J. Juul Rasmussen},
title = {Turbulence spreading, anomalous transport, and pinch effect},
year = {2005},
journal = PoP,
volume = {12},
pages = {122306},
}

@article{gurcan:055902,
	author = {\"{O}. D. G\"{u}rcan and P. H. Diamond and T. S. Hahm},
	title = {Spatial and spectral evolution of turbulence},
	year = {2007},
	journal = PoP,
	volume = 14,
	pages = {055902},
}

@article{gurcan:032303,
	author = {\"{O}. D. G\"{u}rcan and P. H. Diamond and T. S. Hahm and Z. Lin},
	title = {Dynamics of turbulence spreading in magnetically confined plasmas},
	year = {2005},
	journal = PoP,
	volume = {12},
	pages = {032303},
}

@article{lin:1099,
	author = {Z. Lin and T. S. Hahm},
	title = {Turbulence spreading and transport scaling in global gyrokinetic particle simulations},
	year = {2004},
	journal = PoP,
	volume = {11},
	pages = 1099,
}

@article{linSizePRL,
	title = {Size Scaling of Turbulent Transport in Magnetically Confined Plasmas},
	author = {Lin, Z. and Ethier, S. and Hahm, T. S. and Tang, W. M.},
	journal = PRL,
	volume = {88},
	pages = {195004},
	year = {2002},
}


@article{parkerGEM,
	title={Electromagnetic gyrokinetic simulations}, 
	author = {S. Parker and Y. Chen and W. Wan},
	journal = PoP,
	volume= 11,
	pages=2494,
	year=2004,
}

@article{linGTC,
	author = {Lin, Z. and Hahm, T. S. and Lee, W. W. and Tang, W. M. and White, R. B.},
	title = {Turbulent Transport Reduction by Zonal Flows: Massively Parallel Simulations},
	journal = Sci,
	year = {1998},
	volume = {281},
	pages = {1835},
}

@book{DhaeseleerFlux,
	author = {W. D.  D’haeseleer and W. N. G. Hitchon and J. D. Callen and J. L. Shohet},
	title = {Flux Coordinates and Magnetic Field Structure},
	publisher = {Springer-Verlag, Berlin},
	year = 1991,
}

@article{mynick2011reducing,
	author = {H. E. Mynick and N. Pomphrey and P. Xanthopoulos}, 
	title= {Reducing turbulent transport in toroidal configurations via shaping},
	journal = PoP,
	volume=18,
	year=2011,
	pages=056101,
}

@article{calvo2012long,
	author={I. Calvo and F. I. Parra},
	title={Long-wavelength limit of gyrokinetics in a turbulent tokamak and its intrinsic ambipolarity},
	journal=PPCF,
	volume=54,
	pages=115007,
	year=2012,
}

@article{krommesGyroReview,
	author={J. A. Krommes},
	title={The gyrokinetic description of microturbulence in magnetized plasmas},
	journal=ARFM,
	volume=44,
	pages=175,
	year=2012,
}

@article{littlejohn1984relativistic,
	author = {R. G. Littlejohn},
	title = {Linear relativistic gyrokinetic equation},
	year = {1984},
	journal = PoF,
	volume = {27},
	pages = {976},
}

@article{waltzTurbulentHeating,
	author = {R. E. Waltz and G. M. Staebler},
	title = {Gyrokinetic theory and simulation of turbulent energy exchange},
	year = {2008},
	journal = PoP,
	volume = {15},
	pages = {014505},
}

@article{waltzIntrinsicRotation,
	author = {R. E. Waltz and G. M. Staebler and W. M. Solomon},
	title = {Gyrokinetic simulation of momentum transport with residual stress from diamagnetic level velocity shears},
	year = {2011},
	journal = PoP,
	volume = {18},
	pages = {042504},
}

@article{waltzCoriolis,
	author = {R. E. Waltz and G. M. Staebler and J. Candy and F. L. Hinton},
	title = {Gyrokinetic theory and simulation of angular momentum transport},
	year = {2007},
	journal = PoP,
	volume = {14},
	pages = {122507},
}

@article{jungpyo2013intrinsic,
	title = {Turbulent momentum pinch of diamagnetic flows in a tokamak},
	author = {J. P. Lee and F. I. Parra and M. A. Barnes},
   journal = {Phys. Rev. Lett., submitted},
	note={\href{http://arxiv.org/abs/1301.4260}{arXiv:1301.4260}},
}

@article{lee1983gyrokinetic,
	title = {Gyrokinetic approach in particle simulation},
	author = {Lee, W. W.},
	journal = PoF,
	year = 1983,
	volume = 26,
	pages = 556,
}

@article{meister2001measurement,
	title = {Measurement of poloidal flow, radial electric field and {E x B} shearing rates at {ASDEX} Upgrade},
	author = {H. Meister and A. Kallenbach and A. G. Peeters and A. Kendl and J. Hobirk and S. D. Pinches and {ASDEX Upgrade Team}},
	journal = NF,
	volume = 41,
	pages = 1633,
	year = 2001,
}

@article{fonck1984cxrs,
	title = {Determination of plasma-ion velocity distribution via charge-exchange recombination spectroscopy},
	author = {Fonck, R. J. and Darrow, D. S. and Jaehnig, K. P.},
	journal = PRA,
	volume = 29,
	pages = 3288,
	year = 1984,
}

@article{hahm1995flowshear,
	title = {Flow shear induced fluctuation  suppression in finite aspect ratio shaped tokamak plasma},
	author = {Hahm, T. S. and Burrell, K. H.},
	journal = PoP,
	volume = 2,
	pages = 1648,
	year = 1995,
}

@article{melnikov2011potential,
  author={A. V. Melnikov and C. Hidalgo and L. G. Eliseev and E. Ascasibar and A. A. Chmyga and K. S. Dyabilin and I. A. Krasilnikov and V. A. Krupin and L. I. Krupnik and S. M. Khrebtov and A. D. Komarov and A. S. Kozachek and D. López-Bruna and S. E. Lysenko and V. A. Mavrin and J. L. de Pablos and I. Pastor and S. V. Perfilov and M. A. Pedrosa and R. V. Shurygin and V. A. Vershkov and {T-10 Team} and {TJ-II Team}},
  title={Plasma potential and turbulence dynamics in toroidal devices (survey of {T-10} and {TJ-II} experiments)},
  journal=NF,
  volume={51},
  pages={083043},
  year={2011},
}

@article{bieniosek1980hibp,
	author = {F. M. Bieniosek and P. L. Colestock and K. A. Connor and R. L. Hickok and S. P. Kuo and R. A. Dandl},
	title = {Elmo Bumpy Torus heavy ion probe},
	year = {1980},
	journal = RSI, 
	volume = {51},
	pages = {206},
}

@article{numata2007bifurcation,
   author = {Numata, R. and Ball, R. and Dewar, R. L.},
   title = {Bifurcation in electrostatic resistive drift wave turbulence},
   journal = PoP,
   year = 2007,
   volume = 14,
   pages = 102312,
}

@misc{Gkeyll-url,
	title = {Gkyll Discontinuous Galerkin Code},
	howpublished = {\href{http://ammar-hakim.org/sj/}{Gkeyll Development Journal}},
	year = 2012,
}

@misc{Gkeyll-comms,
	title = {High-Order, Conservative Discontinuous Galerkin Algorithms for (Gyro) Kinetic Simulations of Edge Plasma},
	author = {Hakim, A. and Hammett G. W.},
	url = {http://w3.pppl.gov/~hammett/talks/2012/Hakim-aps-2012.pdf},
	year = 2012,
}

@misc{Viriato-comms,
	title = {Private Communication},
	author = {Loureiro, N.},
	year = 2013
}

@article{rogers2000generation,
	title = {Generation and Stability of Zonal Flows in Ion-Temperature-Gradient Mode Turbulence},
	author = {B. N. Rogers and W. Dorland and M. Kotschenreuther},
	journal = PRL,
	year = 2000,
	volume = 85,
	pages = 5336,
}

@article{plunk2007gyrokinetic,
	title={Gyrokinetic secondary instability theory for electron and ion temperature gradient driven turbulence},
	author={Plunk, G.G.},
	journal=PoP,
	volume=14,
	pages=112308,
	year={2007},
}

@article{hasegawa1983plasma,
	title={Plasma edge turbulence},
	author={Hasegawa, A. and Wakatani, M.},
	journal=PRL,
	volume=50,
	pages=682,
	year=1983,
}

@phdthesis{highcock2012thesis,
  title={The Zero Turbulence Manifold in Fusion Plasmas},
  author={Highcock, E.G.},
  year={2012},
  url = {http://arxiv.org/abs/1207.4419},
  school={Oxford University}
}

@article{EUDEMO,
	title = {Overview of {EU} {DEMO} design and {R}\&{D} activities},
	journal = FusEng,
	volume = "89",
	pages = "882",
	year = "2014",
	author = "G. Federici and R. Kemp and D. Ward and C. Bachmann and T. Franke and S. Gonzalez and C. Lowry and M. Gadomska and J. Harman and B. Meszaros and C. Morlock and F. Romanelli and R. Wenninger",
}

@article{NTMs,
	title ={Neoclassical Tearing Modes},
	author={H. R. Wilson},
	journal = FST,
	volume=53,
	year=2008,
	pages=152,
}

@article{TaylorLandau63,
   author = {Taylor, E.C.},
   title = {Landau Solution of the Plasma Oscillation Problem},
   journal = PoF,
   year = {1965},
   volume = 8,
   pages = 2250,
}

@article{Podesta2010,
	title={Transient growth in stable linearized Vlasov–Maxwell plasmas},
	author={Podesta, J. J.},
	journal=PoP,
	volume=17,
	year=2010,
	pages=122101,
}

@article{Camporeale2009,
	title={Transient growth in stable collisionless plasma},
	author={Camporeale, E. and Burgess, D. and Passot, T.},
	journal=PoP,
	volume=16,
	year=2009,
	pages=030703,
}

@article{Samtaney2014,
	title={Non-modal stability analysis and transient growth in a magnetized Vlasov plasma},
	author={Ratushnaya, V. and Samtaney, R.},
	year={2014},
	journal=EPL,
	volume=108,
	pages=55001,
}

@article{SchmidReview,
	author = {Schmid, P. J.},
	title = {Nonmodal Stability Theory},
	journal = ARFM,
	volume = 39,
	pages = 129,
	year = 2007,
}

@article{farrell82,
	title={The Initial Growth of Disturbances in a Baroclinic Flow},
	author={Farrell, B. F.},
	year=1982,
	journal=JAS,
	volume=39,
	pages=1663,
}


@article{LandremanTransient,
	title={Generalized universal instability: Transient linear amplification and subcritical turbulence},
	author = {M. Landreman and G. G. Plunk and W. Dorland},
	year=2015,
	note={\url{http://arxiv.org/abs/1501.02980}}
}
     
@article{farrellGenStab1,
	title={Generalized Stability Theory. Part {I}: Autonomous Operators},
	author={B. F. Farrell and P. J. Ioannou},
	year=1996,
	journal=JAS,
	volume=53,
	pages=2025,
}

@article{farrellTransient,
	author={ B. Farrell},
	year=1985,
	title={Transient Growth of Damped Baroclinic Waves},
	journal=JAS,
	volume=42,
	pages=2718,
}

@article{strainAlmostExponentialDecay,
	title={Almost Exponential Decay Near Maxwellian},
	author={R. M. Strain and Y. Guo},
	year=2006,
	journal=CPDE, 
	volume=31,
	pages=417,
}

@article{nunami2015collisions,
	title={Development of Linearized Collision Operator for Multiple Ion Species in Gyrokinetic Flux-Tube Simulations},
	author={Nunami, M. and Nakata, M. and Watanabe, T.-H. and Sugama, H.},
	journal=PFR,
	volume=10,
	pages=1403058,
	year=2015
}

@article{friedman2014nonnormal,
	title = {Linear Technique to Understand Non-Normal Turbulence Applied to a Magnetized Plasma},
	author = {Friedman, B. and Carter, T. A.},
	journal = PRL,
	volume = 113,
	pages = {025003},
	year = {2014},
}

@article{friedman2015nonmodal,
   author = "Friedman, B. and Carter, T. A.",
   title = {A non-modal analytical method to predict turbulent properties applied to the {Hasegawa-Wakatani} model},
   journal = PoP,
   year = 2015,
   volume = 22,
   pages = 012307,
}

@incollection{kulsrud-kmhd-handbook,
	author      = {Kulsrud, R. M.},
	title       = {{MHD} Description of Plasma},
	editor      = {Galeev, A. A. and Sudan, R. N.},
	booktitle   = {{Handbook of Plasma Physics: Vol 1}},
	publisher   = {North Holland},
	year        = 1983,
}

@inproceedings{kulsrud-kmhd-varenna,
	author = {Kulsrud, R. M.},
	title = {General stability theory in plasma physics},
	pages = 54,
	booktitle = {{Proc.\ Intl.\ School of Physics ‘Enrico Fermi’ (Varenna, Italy, July  1962)}},
	editor = {Rosenbluth, M. N.},
	publisher = {Academic Press},
	year = {1964},
}


@proceedings{varenna1962,
	title = {Proc.\ International School of Physics ‘Enrico Fermi’ (Varenna, Italy,  July 1962)},
	booktitle = {Proc.\ International School of Physics ‘Enrico Fermi’ (Varenna, Italy, July  1962)},
	editor = {Rosenbluth, M. N.},
	publisher = {Academic Press},
	year = {1964},
}

@article{connor-edge-stability,
   author = "Connor, J. W. and Hastie, R. J. and Wilson, H. R. and Miller, R. L.",
   title = "Magnetohydrodynamic stability of tokamak edge plasmas",
   journal = PoP,
   year = 1998,
	volume = 5,
   pages = 2687,
}

@article{ricci-gbs-edge,
  author={P. Ricci and F. D. Halpern and S. Jolliet and J. Loizu and A. Mosetto and A. Fasoli and I. Furno and C. Theiler},
  title={Simulation of plasma turbulence in scrape-off layer conditions: the GBS code, simulation results and code validation},
  journal=PPCF,
  volume=54,
  pages=124047,
  year=2012,
}

@article{bout-edge-code,
	title = "Status and verification of edge plasma turbulence code {BOUT}",
	journal = CPC,
	volume = 180,
	pages = 887,
	year = 2009,
	author = "M.V. Umansky and X.Q. Xu and B. Dudson and L.L. LoDestro and J.R. Myra",
}

@article{orszagSubcritical,
	title = {Subcritical Transition to Turbulence in Plane Channel Flows},
	author = {S. A. Orszag and A. T. Patera},
	journal= PRL,
	volume=45,
	year=1980,
	pages=989,
}

@article{barnes2010rotational,
	title = {Turbulent Transport in Tokamak Plasmas with Rotational Shear},
	author= {M. Barnes and  F. I. Parra and  E. G. Highcock and  A. A. Schekochihin and  S. C. Cowley and  and C. M. Roach},
	journal=PRL,
	volume=106,
	year=2011,
	pages=175004,
}

@article{drake1995nonlinear,
title={Nonlinear Self-Sustained Drift-Wave Turbulence},
	author={J. F. Drake and A. Zeiler and and D. Biskamp},
	journal=PRL,
	volume=75,
	pages=4222,
	year=1995,
}

@book{trefethenBook,
	title={Spectra and Pseudospectra},
	author={L. N. Trefethen and M. Embree},
	year=2005,
	publisher={Princeton University Press},
}

@article{howard2014multiscale,
   author = "Howard, N. T. and Holland, C. and White, A. E. and Greenwald, M. and Candy, J.",
   title = "Synergistic cross-scale coupling of turbulence in a tokamak plasma",
   journal = PoP,
   year = 2014,
   volume = 21,
   pages = 112510,
}

@article{migliano2015spreading,
  author={P Migliano and R Buchholz and S R Grosshauser and W A Hornsby and A G Peeters},
  title={The radial propagation of turbulence in gyro-kinetic toroidal systems},
  journal=PPCF,
  volume=57,
  pages=054008,
  year=2015,
}

@article{peeters2009centrifugal,
   author = "Peeters, A. G. and Strintzi, D. and Camenen, Y. and Angioni, C. and Casson, F. J. and Hornsby, W. A. and Snodin, A. P.",
   title = "Influence of the centrifugal force and parallel dynamics on the toroidal momentum transport due to small scale turbulence in a tokamak",
   journal = PoP,
   year = 2009,
   volume = 16,
   pages = 042310,
}

@article{zhuravlev2014transient,
	author = {Zhuravlev, V. V. and Razdoburdin, D. N.}, 
	title = {A study of the transient dynamics of perturbations in Keplerian discs using a variational approach},
	volume = 442, 
	pages = 870, 
	year = 2014, 
	URL = {http://mnras.oxfordjournals.org/content/442/1/870.abstract}, 
	journal = MNRAS 
}

